3177 4950
603 450 778 519 8460
1543 460 1615 515 Ψ.
1663 462 1843 516 mvn

593 611 767 697 juga
809 609 1130 675 montium
1149 622 1156 630 ·
1173 608 1813 692 appropinquantes,
1874 606 2235 691 oppressit.
2320 606 2565 693 Neque
2622 610 2799 675 enim

605 714 1101 776 imbre-tantum
1131 708 1370 786 effuso,
1395 710 1548 775 dein
1565 708 1993 787 creberrima
2018 708 2334 793 grandine
2364 710 2590 776 obruti
2618 714 2801 787 sunt,

609 826 760 877 'eum
805 812 1060 893 ingenti
1087 811 1358 893 fragore
1409 812 1568 876 coeli
1618 812 2103 896 tonitribusque
2130 816 2197 875 et
2223 810 2594 893 fulguribus
2624 832 2799 895 prae-

535 926 544 935 ·
609 914 1072 995 stringentibus
1103 915 1310 977 aciem
1340 913 1683 979 oculorum
1708 934 1727 993 ;
1764 914 1897 977 ‘sed
1935 912 2215 978 fulmina
2244 914 2452 978 etiam
2478 912 2580 977 sic
2607 912 2803 978 undi-

608 1033 740 1098 que
771 1016 1130 1091 micabant,
1157 1014 1392 1097 ut-peti
1415 1013 1791 1099 viderentur
1808 1032 2112 1099 corpora,
2134 1033 2263 1081 nec
2286 1014 2503 1078 solum
2522 1013 2802 1091 militeS,

610 1114 731 1181 sed
759 1118 960 1181 etiam
979 1116 1360 1200 -principes,
1403 1116 1519 1179 icti
1559 1114 1897 1180 caderent.
1984 1115 2432 1199 Itaque,.cum
2462 1116 2805 1199 proecipiti

607 1216 769 1299 fuga
801 1236 919 1300 per
945 1236 1144 1301 rupes
1170 1215 1504 1301 praealt'as-
1521 1216 1881 1298 improvidi
1914 1221 2357 1281 sternerentur
2379 1224 2805 1299 ruerentque,

607 1320 950 1383 instabant
980 1319 1252 1402 quidem
1285 1318 1615 1400 perculsis
1642 1316 1979 1397 Thraces;
2028 1316 2145 1382 sed
2172 1318 2308 1401 ipsi
2344 1316 2539 1382 Deos
2571 1325 2807 1383 aucto-

607 1438 714 1482 ros
743 1418 920 1502 fngae
945 1438 1144 1497 -esse,
1188 1418 1568 1500 coelumque
1612 1418 1803 1483 in‘se
1848 1438 2037 1483 ruere
2082 1418 2372 1483 aiebant.
2465 1418 2807 1501 Dissipati

607 1521 930 1601 procella,
979 1538 1152 1597 cum,
1181 1527 1504 1601 tanquam
1523 1538 1633 1582 ex
1662 1519 2047 1601 naufragio,
2076 1519 2375 1602 plerique
2416 1518 2803 1586 semiermes

608 1621 677 1684 in
729 1630 974 1698 castra,
1009 1618 1502 1704 unde-profecti
1537 1626 1746 1697 erant,
1792 1620 2159 1700 redissent3
2206 1618 2589 1697 consultari,
2636 1620 2807 1703 quid

611 1730 903 1804 agerent,
955 1730 1294 1806 coeptum:
1358 1722 1514 1787 inde
1565 1727 1714 1788 orta
1762 1721 2117 1797 dissensio,
2170 1720 2321 1785 aliis
2364 1718 2805 1800 redeundum,

609 1825 769 1887 aliis
821 1820 1294 1906 penetrandum
1348 1823 1418 1886 in
1463 1822 1897 1893 Dardaniam
1952 1822 2407 1888 censentibus.
2494 1822 2807 1905 Triginta

610 1926 822 1998 ferme
875 1924 1088 2001 millia
1141 1924 1485 1988 hominum
1543 1922 1963 2008 (Clondico⁶
2019 1924 2191 1989 duce
2242 1923 2529 2007 profecti
2586 1922 2810 2007 erant)

609 2032 1072 2109 pervenerunt.
1163 2023 1410 2103 Cetera
1431 2024 1799 2091 multitudo
1826 2031 2023 2101 retro,
2054 2044 2191 2108 qua
2220 2030 2565 2103 venerant,
2588 2030 2810 2091 trans-

608 2126 1052 2191 dauubianam
1085 2128 1415 2208 regionem
1456 2126 1737 2209 repetiit.
1826 2124 2141 2203 Perseus,
2168 2124 2427 2209 potitus
2456 2144 2683 2208 regno,
2706 2128 2806 2191 in-

611 2228 822 2291 terflci
855 2226 1257 2310 Antigonum
1281 2226 1526 2309 jussit3
1568 2232 1661 2303 et,
1694 2225 1855 2291 dum
1893 2224 2337 2303 firmaretres,
2364 2224 2631 2309 legatos
2657 2226 2810 2291 Ro-

611 2348 788 2392 mam
820 2328 908 2392 ad
931 2328 1300 2393 amicitiam
1334 2334 1680 2409 paternam
1706 2324 2159 2392 renovandam
2188 2326 2705 2411 petendumque,
2728 2334 2810 2393 ut

609 2448 730 2495 rex
763 2430 850 2494 ab
869 2422 1114 2494 'senatu
1141 2427 1619 2512 appellaretur,
1647 2427 1853 2494 misit.
1944 2427 2122 2496 Haec
2150 2446 2233 2494 eo
2254 2446 2438 2500 ,anno
2466 2428 2539 2494 in
2568 2427 2811 2494 Mace-

611 2531 817 2597 donia
846 2535 1059 2614 gesta.

697 2633 806 2696 59.
851 2631 1038 2697 Alter
1059 2633 1411 2698 consulum
1439 2631 1528 2712 Q.
1552 2632 1833 2698 Fulvius
1850 2653 1941 2698 ex
1962 2633 2324 2716 Liguribus
2351 2633 2809 2716 triumphavit.

615 2732 841 2812 Quem
899 2734 1302 2816 triumphum
1363 2735 1574 2817 magis
1630 2735 1885 2816 gratiae,
1947 2755 2145 2820 quam
2204 2755 2423 2800 rerum
2474 2740 2809 2818 gestarum

611 2833 1075 2918 magnitudini,
1107 2834 1332 2900 datum
1377 2835 1760 2902 constabat.
1846 2837 2199 2902 Armorum
2240 2834 2589 2902 hostilium
2622 2855 2809 2918 mage

613 2957 771 3002 nam
799 2938 933 3002 vim
982 2937 1348 3018 transtulit3
1393 2936 1648 3002 nullam
1696 2937 2045 3021 pecuniam
2081 2934 2464 3002 admodum.
2555 2937 2813 3005 Divisit

611 3043 833 3105 tamen
861 3039 930 3101 in
969 3039 1268 3120 singulos
1306 3038 1554 3103 milites
1593 3032 1936 3126 tricenos(
1978 3039 2188 3115 ueris,¹²
2232 3037 2490 3122 duplex
2524 3039 2808 3104 centuri-

614 3137 885 3216 onibus,
915 3139 1159 3222 triplex
1187 3139 1422 3222 equiti.
1513 3138 1701 3203 Nihil
1730 3141 1795 3204 in
1826 3159 1909 3204 eo
1938 3139 2269 3223 triumpho
2298 3141 2513 3222 magis
2539 3139 2808 3222 insigne

613 3239 770 3315 fnit,
813 3256 1014 3322 quam
1059 3238 1241 3322 quod
1287 3241 1465 3304 forte
1511 3241 1753 3318 evenit,
1801 3246 1877 3305 ut
1918 3238 2157 3305 eodem
2198 3239 2309 3304 die
2354 3240 2815 3324 triumpharet,

615 3358 754 3422 quo
808 3338 1026 3423 priore
1068 3356 1244 3403 anno
1297 3357 1386 3402 ex
1440 3346 1733 3423 praetura
1784 3339 2333 3425 triumphaverat.
2422 3340 2809 3407 Secundum

611 3439 1016 3527 triumphum
1047 3441 1326 3506 comitia
1362 3440 1597 3520 edixit,
1628 3443 1874 3525 quibus
1918 3443 2127 3508 creati
2170 3441 2479 3507 consules
2518 3452 2677 3509 sunt
2706 3441 2812 3506 M.

1525 3604 1899 3627 ”WONO

683 3703 714 3746 6
752 3697 872 3748 Can
891 3699 1048 3748 ubire
1069 3699 1330 3749 Basta-m
1369 3699 1502 3748 con‘.
1537 3701 1801 3751 Gron.-—6
1836 3700 2063 3752 Claudiae
2097 3699 2182 3750 ed.
2212 3699 2359 3764 Meg.
2408 3700 2426 3730 ‘
2448 3699 2643 3751 Etenim
2679 3701 2815 3764 conj.

618 3761 794 3824 Sigon.
819 3777 884 3812 ex
917 3764 1060 3826 Epir.
1101 3765 1190 3813 lib.
1213 3776 1376 3814 xun.
1441 3715 1518 3814 At
1551 3765 1703 3815 valde
1736 3765 1943 3816 dubium
1978 3773 2061 3815 ent
2091 3779 2158 3814 an
2194 3765 2264 3814 ibi
2293 3763 2475 3816 eodem
2506 3767 2573 3814 de
2604 3765 2811 3817 homine

617 3835 821 3890 agatur,
859 3835 916 3876 et
938 3827 1075 3902 ‘libri
1109 3827 1215 3876 illic
1259 3827 1489 3904 Olonicpss
1522 3827 1575 3879 J.
1613 3829 1671 3878 F.
1708 3829 1874 3880 Gron.
1939 3829 2136 3880 Elonieo
2175 3829 2389 3894 Doujat.
2454 3829 2581 3880 Mox
2619 3835 2814 3880 metat

621 3889 784 3940 Grou.
810 3891 1028 3954 DouJat.
1048 3891 1202 3943 Crev.
1228 3891 1496 3956 Kreysaug.

1606 3989 1821 4040 1401·AE

610 4089 843 4147 peremtas
860 4079 982 4147 em]
1017 4084 1155 4138 Vere
1171 4082 1328 4148 fama,
1345 4099 1516 4150 eaque
1531 4099 1672 4136 men·
1752 4085 1959 4137 Strabo.

619 4161 740 4214 dax,
763 4167 821 4209 nt
843 4167 962 4208 aute
981 4159 1316 4211 ostendimur.
1383 4161 1532 4212 Hane
1562 4164 1674 4212 sive
1816 4169 1841 4194 ¹²
1877 4161 2095 4212 Tricam
2114 4162 2253 4227 eris]
2287 4161 2507 4228 Gallice,
2540 4163 2647 4214 hm
2670 4162 2817 4216 liures

617 4233 881 4283 historiam
909 4236 1018 4284 sive
1050 4235 1276 4294 fabulam
1298 4245 1516 4286 narrant
1537 4237 1672 4288 Pau·
1752 4239 1917 4302 quinae
1930 4253 2051 4290 σου.

619 4320 726 4358 nan.
771 4316 842 4358 et.
867 4308 1063 4362 Justin.
1115 4309 1308 4363 refutat
1351 4302 1671 4376 'aliquatenus
