3177 4950
1070 445 1216 494 us.
1260 444 1443 493 κων.
1490 445 1658 495 car.
1699 432 1810 497 40.
2361 426 2535 495 3815

338 587 477 657 duo,
504 585 709 666 puella
734 606 873 657 una,
900 588 1005 667 qui
1044 608 1117 647 eo
1160 592 1443 668 majorem
1464 589 1784 649 movebant
1808 589 2232 649 miserationem

334 682 755 763 spectantibus,
783 682 943 762 quod
966 684 1077 763 ipsi
1104 704 1207 764 per
1232 693 1469 744 aetatem
1496 686 1600 745 vix
1632 684 1792 745 mala
1809 705 1917 746 sua
1937 686 2232 764 intellige-

337 796 399 837 re
424 785 714 859 poterant.
798 777 1015 857 Itaque
1056 780 1297 860 plurimi
1336 780 1631 862 lacrymas
1661 792 1872 844 tenere·
1885 802 2000 842 non
2025 790 2230 863 potue-

336 883 497 945 runt,
524 881 586 933 et
623 872 891 933 omnibus
918 873 1189 934 confudit
1211 876 1471 935 animum
1494 874 1712 937 tacitus
1735 877 1980 957 quidam
2001 898 2230 949 moeror,

337 970 441 1059 qui
465 971 691 1029 sincero
716 988 818 1029 eos
840 968 954 1029 frui
982 970 1223 1049 gaudie,
1250 971 1532 1050 quamdiu
1564 974 1677 1033 sub
1701 974 1888 1034 oculis
1913 975 2078 1054 pueri
2099 974 2226 1034 fue-

336 1073 493 1136 runt,
520 1085 635 1123 non
662 1065 893 1124 sineret.
977 1065 1155 1125 Pone
1180 1064 1337 1127 filios
1362 1066 1678 1129 incedebat
1700 1089 1836 1128 cum
1865 1088 2046 1129 uxore
2075 1069 2228 1129 Per-

332 1150 486 1231 seus,
516 1160 681 1240 pullo
708 1160 950 1231 amictu,
976 1181 1115 1220 cum
1138 1160 1393 1241 crepidis
1432 1160 1634 1225 Graeci
1674 1164 1870 1237 moris,
1894 1166 2147 1245 stupenti
2172 1174 2233 1225 et
2281 1181 2449 1232 zonat.

334 1258 590 1316 attonito
613 1256 843 1327 similis,
870 1264 933 1315 et
958 1257 1056 1316 cui
1088 1256 1431 1335 magnitudo
1455 1258 1744 1319 malorum
1768 1270 2018 1320 mentem
2045 1264 2234 1322 omni-
2253 1246 2386 1297 Plut.

334 1371 411 1411 no
448 1352 723 1432 eripuisse
748 1351 1063 1413 videretur.
1146 1350 1519 1432 Sequebatur
1544 1355 1864 1415 amicorum
1887 1363 1950 1415 et
1979 1356 2234 1417 familia-

333 1446 481 1505 rium
509 1448 703 1517 turba,
731 1467 979 1526 quorum
1022 1449 1082 1510 in
1122 1447 1291 1508 vultu
1334 1447 1505 1508 dolor
1530 1448 1725 1529 gravis
1747 1452 2062 1523 eminebat,
2102 1455 2234 1532 qui-

330 1562 473 1621 que,
494 1562 631 1601 cum
658 1563 887 1623 semper
911 1544 1117 1604 oculos
1141 1544 1201 1603 in
1226 1564 1361 1603 eum
1380 1544 1650 1623 figerent,
1679 1546 1958 1627 lacrymis
1979 1549 2238 1627 rigantes

332 1657 457 1709 ora,
483 1638 627 1698 satis
650 1638 999 1698 indicabant
1014 1658 1139 1699 sese
1166 1638 1323 1698 illius
1340 1640 1542 1700 dolere
1566 1642 1760 1712 malis,
1775 1662 2010 1703 suorum
2033 1644 2234 1703 imme-

334 1754 542 1793 mores.
572 1732 761 1793 Hanc
780 1732 1017 1814 quidem
1037 1735 1417 1811 ignominiam
1434 1735 1782 1816 deprecatus
1804 1748 1932 1797 erat
1958 1738 2234 1811 Perseus,

332 1830 521 1889 missis
545 1828 622 1887 ad
650 1828 983 1899 AEmilium,
1011 1829 1113 1908 qui
1138 1838 1374 1889 orarent
1398 1850 1471 1889 ne
1498 1831 1559 1889 in
1584 1832 1880 1912 triumpho
1903 1832 2233 1895 duceretur.

334 1923 503 1983 Risit
522 1924 799 1984 AEmilius
819 1924 1071 1984 hominis
1106 1924 1424 2002 ignaviam,
1457 1934 1541 1997 et,
1583 1926 1688 1985 ‘id
1713 1926 1995 2006 quidem,’
2021 1929 2240 2008 inquit,

331 2028 349 2055 ‘
377 2020 435 2079 in
464 2020 645 2101 ipsius
680 2029 741 2079 et
766 2020 993 2101 pridem
1032 2018 1164 2092 fuit,
1202 2029 1265 2079 et
1290 2040 1447 2081 nunc
1471 2029 1561 2080 est
1590 2041 1768 2081 manu
1793 2042 1866 2083 ac
1892 2030 2178 2102 potestate
2199 2026 2238 2084 τ’

332 2118 517 2175 tacite
543 2135 803 2187 monens,
832 2124 901 2175 ut
926 2136 1205 2193 generosa
1230 2123 1413 2175 morte
1458 2116 1521 2175 id
1545 2116 1708 2197 quod
1735 2119 2035 2179 metuebat
2055 2118 2237 2179 dede-

330 2231 435 2272 cus
461 2211 765 2291 effugeret.
852 2210 975 2271 Sed
1001 2211 1150 2271 forte
1170 2212 1478 2273 consilium
1500 2231 1616 2272 non
1637 2212 1872 2273 admisit
1889 2214 2084 2274 mollis
2109 2214 2236 2275 ani-

331 2327 483 2378 mae,
508 2315 571 2366 et
591 2308 787 2367 nescio
814 2327 935 2387 qua
957 2328 1063 2387 spe
1076 2306 1359 2367 delinitus
1374 2307 1591 2367 maluit
1611 2308 1672 2367 in
1691 2308 1906 2389 praedae
1925 2330 2048 2369 suae
2073 2320 2240 2391 parte

330 2404 458 2484 ipse
474 2403 783 2463 numerari.
828 2403 1296 2482 Quadringentae
1312 2402 1449 2462 inde
1464 2422 1694 2463 coronae
1710 2424 1902 2463 aureae
1919 2407 2238 2485 portaban-

330 2508 445 2570 tur,
466 2498 694 2560 Paullo
710 2500 787 2558 ab
814 2500 1083 2558 omnibus
1107 2498 1231 2557 fere
1249 2495 1505 2557 Graeciae
1530 2507 1594 2556 et
1612 2498 1782 2558 Asiae
1806 2500 2148 2561 civitatibus
2176 2503 2236 2560 in

329 2594 785 2674 gratulationem
800 2594 1063 2653 victoriae
1074 2613 1176 2673 per
1186 2591 1413 2671 legatos
1420 2591 1577 2652 dono
1587 2595 1805 2652 missae:
1823 2595 2060 2672 grandis
2071 2615 2238 2666 sane,

320 2692 381 2768 ‘si
396 2712 501 2770 per
516 2711 579 2750 se
598 2691 743 2770 ipsae
752 2697 1169 2770 spectarentur,
1186 2687 1385 2778 pretii,
1401 2687 1507 2748 sed
1526 2687 1837 2748 mediocris
1850 2691 2106 2750 acceoeio
2118 2692 2228 2749 im-

328 2787 589 2850 manium
621 2805 823 2865 opum,
856 2805 989 2864 quae
1015 2783 1077 2842 in
1106 2785 1221 2844 hoc
1253 2784 1549 2863 triumpho
1577 2793 1926 2845 transvectae
1949 2785 2228 2865 fuerant]

414 2883 527 2946 40.
554 2880 728 2968 (43.)
772 2881 1111 2947 Summam
1138 2881 1354 2945 omnis
1376 2881 1635 2964 captivi
1662 2883 1808 2945 auri
1831 2884 2212 2966 argentique
2231 2871 2529 2948 translati

334 2985 709 3049 sestertium
739 2983 985 3048 millies
1013 2981 1359 3048 ducenties
1383 2987 1409 3029 ⁵
1431 2989 1459 3031 Ρ
1494 2981 1732 3060 fuisse,
1773 2981 2090 3050 Valerius
2121 2983 2363 3050 Antias
2396 2994 2527 3048 tra-

1243 3143 1612 3168 oom

396 3253 427 3297 ⁵
448 3246 467 3275 ⁸
483 3247 767 3297 Sestertium
785 3245 961 3296 millies
979 3245 1249 3294 ducenties.-
1275 3250 1330 3293 st
1349 3245 1424 3294 bis
1457 3245 1630 3294 millies
1659 3244 1834 3294 centies
1857 3258 1942 3308 ap.
1963 3243 2147 3294 Vellei.
2169 3259 2209 3293 1.
2231 3248 2283 3293 9.
2320 3248 2398 3293 ter
2416 3245 2527 3294 vnit-

328 3311 417 3362 ties
438 3312 531 3388 vel·
546 3310 718 3374 potius
760 3310 835 3358 bis
871 3309 1045 3384 millies
1074 3309 1326 3359 trecenties
1350 3323 1434 3371 sp.
1458 3308 1596 3358 Pllh.
1619 3320 1824 3357 xxxin.
1849 3313 1898 3358 3.
1921 3323 2012 3358 sex
2039 3307 2532 3386 milllaotalentprum

331 3371 2531 3500 {Ptissfflss'smsslliissltzssffl¹1¹6322¹12¹1¹350²0l{21¹1'l¹1¹3·123‘{2‘11¹¹.1m¹'²002221⁸‚22

1316 3576 1541 3630 NOTAE

396 3685 425 3720 ν
465 3675 749 3728 Sestertium
796 3677 971 3727 millies
1009 3674 1274 3738 ducenties]
1326 3675 1392 3725 Id
1471 3675 1606 3726 sm
1623 3673 1773 3724 mittio
1792 3675 2044 3736 talentum,
2065 3681 2244 3724 nostra
2263 3681 2533 3738 computa-

335 3749 566 3802 efficeret
583 3753 835 3804 milliones
850 3753 1097 3802 librarum
1117 3751 1392 3801 Franclcs-
1472 3751 1618 3800 tione
1660 3750 1914 3800 milliones
1967 3749 2363 3813 quatuordecim
2415 3764 2532 3799 eum

336 3843 450 3878 rum
471 3827 764 3878 duodecim.
827 3828 1014 3879 Cicero
1037 3841 1102 3876 ιι.
1138 3825 1205 3876 de
1244 3825 1397 3876 Offic.
1474 3825 1868 3890 quadringentis
1888 3825 2136 3874 librarum
2158 3824 2406 3884 millibus,
2443 3838 2536 3887 po·

336 3909 561 3954 testatur
598 3902 835 3952 Paullum
872 3903 1009 3952 omni
1049 3902 1393 3953 Macedonum
1473 3902 1587 3952 nit:
1621 3901 1827 3950 Plinius
1847 3905 1923 3950 ter
1952 3900 2151 3949 millies.-
2184 3897 2322 3963 qnod
2359 3907 2538 3948 nostra

335 3993 462 4044 gua
490 3977 717 4042 potitum
738 3992 753 4038 ς
789 3983 986 4027 tantam
1020 3978 1289 4041 pecuniam
1325 3991 1395 4026 ω·
1477 3975 1702 4039 pecunia
1725 3974 1984 4025 redditum
2003 3973 2238 4024 efficeret
2255 3978 2411 4024 trente
2429 3974 2538 4023 mtt-

336 4055 475 4104 rsrio
496 4051 757 4114 intulisse,
780 4059 838 4101 nt
859 4067 923 4102 ea
946 4053 1125 4116 praeda
1144 4053 1300 4102 finem
1323 4059 1397 4100 at·
1476 4051 1616 4099 lions.
1684 4048 2053 4114 corrigendum
2081 4049 2166 4098 hic
2185 4049 2404 4099 Livium
2443 4064 2539 4113 pu-

338 4128 519 4179 tnlerit
544 4127 873 4177 tributorum.
938 4128 1079 4176 Vell.
1102 4128 1283 4177 scribit
1306 4129 1399 4178 cot-
1481 4132 1559 4175 tst
1581 4125 1744 4175 Οτι-ου.
1766 4130 1826 4176 ut
1846 4125 2108 4175 scribatur
2143 4123 2216 4172 bis
2244 4124 2416 4174 millies
2449 4127 2538 4174 da-

338 4206 438 4253 lata
472 4203 532 4252 ab
565 4218 617 4252 eo
648 4202 721 4252 bis
755 4203 925 4253 millies
961 4203 1138 4253 centies
1160 4219 1177 4251 .-
1208 4202 1262 4252 id
1296 4209 1399 4268 est,
1478 4200 1672 4258 centies,
1704 4215 1821 4266 qnae
1844 4207 1966 4252 sunt
1986 4215 2050 4250 ex
2075 4199 2308 4262 ejusdem
2331 4208 2542 4250 senten-

340 4280 527 4343 viginti
570 4285 625 4329 et
658 4292 816 4329 unum
852 4277 1127 4328 milliones.
1210 4279 1397 4329 Suidas
1480 4278 1555 4328 tia
1576 4282 1699 4342 post
1715 4275 2543 4342 Lipsiumminqaaeteoquinquie·
