3177 4950
1260 440 1405 489 ms.
1452 438 1686 491 xmn.
2419 429 2594 517 3626

365 575 745 639 Macedonis.
796 606 813 617 ’
832 578 1015 641 Italia
1040 580 1261 652 Atilio,
1302 581 1575 642 Hostilio
1619 580 1978 645 Macedonia
2001 584 2260 649 obvenit.

357 672 682 745 Praetores,
738 674 957 735 Retius
1006 678 1292 736 urbanam
1350 676 1847 756 jurisdictionem,
1901 683 2263 761 peregrinam

362 766 627 829 Moenius
662 772 897 831 sortitus
937 782 1048 832 est.
1133 771 1359 832 Classis
1391 792 1527 832 eum
1556 792 1664 833 ora
1687 776 2262 837 maritima'Graeciae

360 864 692 925 Hortensio
742 868 972 945 obtigit.
1058 867 1337 947 Reliquae
1386 866 1686 947 praetoriae‘
1731 872 2046 950 provinciae
2097 872 2260 933 fuere

356 961 561 1039 procul
587 960 788 1033 dubio,
817 963 1335 1043 quemadmodum'
1357 983 1517 1024 anno
1558 966 1772 1044 priore,
1799 958 2136 1046 Hispania,
2165 966 2258 1028 Si-

354 1055 517 1127 cilia,
545 1066 609 1117 et
634 1057 933 1119 Sardinia.
1018 1058 1142 1120 Sed
1167 1058 1433 1137 singulas
1457 1060 1698 1139 quinam
1725 1071 1998 1141 praetores
2023 1064 2259 1123 obtinu-

354 1152 523 1223 erint,
550 1154 861 1214 silentibus
880 1163 1139 1216 veterum
1166 1144 1577 1227 monumentis,
1621 1164 1784 1217 certo
1822 1158 1954 1217 sciri
1999 1177 2112 1217 non
2155 1179 2258 1237 po·-

352 1256 486 1308 test.
572 1248 821 1310 Interim
873 1252 955 1312 P.
996 1251 1279 1322 Licinius,
1325 1250 1497 1330 quasi
1538 1252 1620 1310 ad
1669 1250 1914 1322 bellum,
1957 1272 2075 1315 non
2125 1273 2260 1313 cum

358 1340 605 1414 Perseo,
648 1346 751 1405 sed
793 1342 929 1406 eum
968 1346 1205 1406 Graecis
1249 1346 1585 1425 gerendum·
1609 1348 1814 1407 missus
1853 1356 2026 1419 esset,
2055 1350 2262 1409 inanes

353 1438 629 1499 adversus
650 1443 881 1519 justum
906 1443 1175 1503 hostem‘
1158 1462 1275 1502 iras
1315 1443 1372 1501 in
1412 1444 1656 1503 miseros
1679 1452 1743 1503 et
1763 1444 2026 1503 viribus·
2007 1464 2260 1525 imperes
2281 1469 2450 1521 Zoan-

351 1536 547 1605 vertit,
592 1534 1041 1617 compluresque
1085 1539 1149 1597 in
1197 1537 1455 1608 Boeotia,'
1502 1538 1606 1596 ubi
1649 1538 2040 1617 hybernabat,
2088 1535 2574 1649 urbes521³0tl¹⁰⁰j⁰⁸

349 1632 715 1709 expugnavit
747 1642 809 1690 et
844 1630 1161 1692 crudeliter
1191 1632 1450 1712 diripuit.
1536 1632 1798 1693 Coronei
1823 1634 2084 1694 maxime
2109 1654 2254 1695 vex·
2281 1599 2390 1714 lex-bi
2389 1606 2456 1712 ⁰st
2459 1602 2548 1713 ¹3⁵

348 1727 435 1783 ati
475 1745 611 1785 eum
652 1727 729 1787 ad
756 1735 1023 1787 senatum
1047 1728 1473 1807 confugissent,
1504 1727 1728 1789 Patres
1750 1726 2160 1799 decreverunt,
2189 1739 2257 1790 ut

345 1816 573 1901 captivi
602 1822 701 1901 qui
726 1824 837 1883 sub
860 1842 1079 1884 corona
1094 1824 1417 1894 venissent,·
1438 1822 1499 1882 in
1523 1822 1858 1883 libertatem
1883 1825 2252 1885 restim'eren·

348 1923 463 1975 tur.
549 1916 831 1978 Consulis
852 1918 1265 1979 crudelitatem
1288 1927 1351 1978 et
1374 1918 1690 1979 avaritiam
1716 1919 1979 1980 imitams
2009 1929 2122 1991 est,
2149 1928 2256 1979 aut

346 2012 524 2072 etiam
562 2015 859 2093 superavit
898 2014 1207 2075 Lueretius
1242 2018 1475 2095 praetor‚
1502 2015 1610 2094 qui
1645 2013 1820 2075 classi
1846 2024 2114 2096 preerat,
2145 2014 2253 2075 ad-

343 2126 541 2167 versus
564 2111 755 2169 socios
778 2108 971 2182 ferox,
998 2111 1149 2170 hosti
1174 2109 1554 2193 spernendus.
1639 2108 1709 2169 Si
1735 2110 1974 2190 quidem
1996 2111 2246 2172 clamem
2305 2122 2496 2173 Plania

342 2202 421 2262 ad
450 2202 671 2264 Oreum
710 2214 961 2265 stantem
982 2207 1239 2267 adortus
1261 2214 1499 2287 repente
1526 2206 1807 2276 Perseus,
1835 2226 2016 2266 naves
2039 2227 2248 2269 onera
2276 2186 2374 2236 ¹²⁸⁰
2377 2188 2444 2236 ¹⁰·

340 2300 457 2358 rias
482 2299 833 2360 frumentum
858 2310 1159 2382 portantes
1180 2302 1395 2379 viginti
1428 2303 1611 2382 oepit,
1647 2300 1906 2381 reliquas
1939 2300 2246 2382 deprecat,

338 2402 403 2453 et
426 2404 677 2474 quatuor
723 2398 903 2457 etiam
940 2398 1459 2478 quinqueremibus
1490 2397 1714 2478 potitus
1745 2408 1856 2456 est.
1941 2395 2072 2456 Res
2097 2417 2244 2477 quo-
2303 2428 2398 2492 Ep.
2421 2430 2484 2475 h„
2457 2428 2530 2494 uju
2505 2443 2560 2478 us

338 2509 455 2570 que
483 2511 759 2572 prospere
782 2502 965 2572 gesta
988 2494 1049 2552 in
1075 2493 1337 2554 Thracia
1359 2513 1397 2552 a
1424 2491 1675 2563 Perseo,
1692 2496 1830 2551 'cum
1847 2511 1924 2552 eo
1943 2492 2020 2552 ad
2040 2491 2337 2572 cotynb
2271 2492 2356 2542 lib.
2377 2501 2472 2541 ets
2449 2509 2558 2556 ‘0¹²9

330 2585 773 2647 defendendum
815 2589 1091 2649 adversus
1116 2588 1389 2648 Atlesbis
1428 2597 1493 2648 et
1532 2587 1782 2697 Corragi
1819 2589 2022 2669 copias
2047 2587 2243 2648 diver·
2271 2527 2546 2698 Ῥξὶἃῖζι

335 2681 521 2742 risset:
606 2681 789 2743 Nee
772 2704 911 2744 vero
936 2685 1061 2765 ipse
1082 2685 1199 2744 sibi
1222 2684 1413 2763 Cotys
1425 2682 1638 2755 defuit,
1659 2684 1750 2745 vir
1767 2683 1930 2744 bello
1953 2693 2242 2755 strenuus,
2268 2685 2318 2734 D
2323 2687 2417 2737 ·.0‹l
2439 2701 2532 2750 ιρι·
2505 2687 2570 2735 ud

336 2777 585 2838 consilio
610 2789 915 2859 praestans,
940 2779 1144 2841 Thrax
1172 2799 1383 2858 genere
1408 2778 1561 2851 solo,
1588 2799 1706 2839 non
1733 2780 2009 2840 moribus.
2073 2779 2242 2839 Nam
2269 2749 2434 2804 Vsles.

334 2881 397 2932 et
422 2875 611 2934 unicae
635 2875 969 2936 sobrietatis
990 2895 1066 2938 se
1088 2875 1497 2984 temperantiae
1522 2874 1658 2945 fuit,
1684 2873 1960 2982 idemque
1985 2873 2241 2934 elemen-

335 2969 425 3030 tia
448 2978 513 3029 et
534 2969 939 3031 moderatione
966 2971 1149 3032 animi
1174 2971 1353 3052 plane
1382 2968 1675 3032 amabilis.

416 3065 535 3144 (6.)
580 3064 820 3126 Cuncta
862 3067 1091 3126 Perseo
1132 3086 1209 3126 ex
1250 3075 1388 3127 voto
1428 3064 1710 3126 fluebant.
1793 3062 1964 3124 Nam
1997 3073 2062 3124 et
2097 3071 2241 3125 tunc
2265 3089 2434 3155 Polyb.
2465 3093 2530 3148 ib.

338 3159 717 3240 Epirotarum
742 3181 885 3240 gens
923 3163 984 3220 in
1021 3165 1151 3240 ejus
1176 3171 1373 3242 partes
1398 3162 1652 3230 transiit,
1679 3167 1916 3219 auctore
1943 3158 2238 3240 Cephalo,

199 3331 210 3336 -
332 3274 509 3333 quem
550 3261 748 3316 tamen
790 3257 871 3315 ad
909 3256 1307 3317 defectionem
1348 3257 1668 3317 necessitas
1707 3256 1894 3334 magis
1930 3257 2260 3350 compulit-5

294 3377 309 3388 ·
330 3369 510 3429 quam
537 3351 835 3412 voluntas.
908 3351 975 3412 Is
998 3353 1281 3430 singulari
1308 3351 1622 3433 prudentia
1646 3360 1710 3411 et
1732 3353 2062 3411 constantia
2085 3372 2236 3432 prae-

328 3445 511 3517 ditus,
554 3455 679 3506 tum
720 3469 959 3528 quoque
988 3449 1217 3529 optima
1254 3447 1451 3512 niente
1494 3458 1642 3507 erat.
1727 3445 1894 3506 Deos
1933 3447 2088 3505 enim
2127 3449 2235 3507 im-

328 3539 605 3602 mortales
653 3553 929 3622 precatus
976 3543 1171 3604 fuerat
1222 3554 1290 3602 ut
1338 3542 1565 3602 bellum
1616 3543 1768 3601 inter
1821 3539 2132 3602 Romanos
2176 3553 2238 3603 et

327 3635 558 3696 Persea
582 3657 657 3697 ne
683 3638 1060 3711 conflaretur,
1082 3660 1227 3701 neve
1248 3638 1323 3700 de
1348 3658 1577 3700 summa
1597 3641 1788 3698 rerum
1806 3636 2232 3700 decerneretur.

327 3796 563 3860 Pighius.
630 3795 809 3850 Poetns
846 3806 904 3850 et
943 3803 1236 3868 Torquatus
1264 3817 1389 3854 eon·
1471 3807 1754 3865 prorutam
1803 3797 2043 3864 gessisse.
2124 3801 2286 3866 Atqui
2339 3809 2529 3858 numm

328 3873 466 3922 sules
490 3871 653 3923 futuri
676 3883 817 3938 sunt,
838 3877 925 3926 ille
956 3891 1092 3927 anno
1129 3883 1246 3942 post
1285 3887 1389 3928 ter·
1468 3876 1653 3925 borum
1691 3881 1924 3937 praetura
1965 3875 2228 3940 reperitur
2268 3876 2322 3926 in
2360 3878 2528 3929 Livio.

327 3947 529 4010 tio,bie
552 3949 750 4014 quinto.
818 3952 881 4002 C.
917 3953 1175 4004 Hostilius
1202 3955 1387 4019 adjun·
1468 3951 1568 4001 His
1624 3950 1910 4002 rationibus
1974 3951 2232 4002 sdduetus
2291 3953 2528 4017 Pighius,

324 4023 467 4087 gitur
496 4022 703 4088 legatus
738 4028 803 4078 C.
842 4029 1070 4092 Popillio
1106 4032 1389 4094 consulari,
1464 4027 1602 4077 haud
1637 4025 1846 4077 omnino
1879 4025 2326 4091 improbabilibus,
2361 4027 2527 4092 suspi-

324 4105 384 4148 et
405 4099 467 4150 C.
490 4101 733 4152 Decimio
753 4104 1385 4170 pmtoriofinfrsbxuv.
1466 4110 1618 4154 estur
1649 4115 1738 4156 eos
1771 4104 1868 4154 hoe
1901 4115 2036 4156 suno
2072 4110 2328 4169 pretores
2349 4101 2528 4154 fuisse.

324 4189 379 4223 e.
416 4179 497 4225 19.
564 4178 719 4228 Unde
758 4179 821 4229 fit
854 4181 1131 4232 verisimile
1154 4197 1293 4246 eum,
1316 4183 1389 4232 vi·
1474 4181 1617 4230 Crev-

326 4250 399 4300 ris
446 4259 553 4301 tam
590 4253 858 4304 lionorstis
900 4255 1079 4306 datum
1119 4257 1391 4321 collegam,

454 4332 629 4398 Delph-
648 4339 699 4385 et
726 4333 841 4387 Ver.
868 4335 997 4386 Clas.
1282 4337 1467 4389 livius.
2279 4347 2340 4395 11
2377 4347 2421 4396 B
