3177 4950
622 412 803 479 35⁶6
1566 423 1639 471 τ.
1691 420 1872 469 mvn

624 586 709 633 ea
757 568 975 651 primo
1022 562 1389 633 accensum
1441 565 1545 630 ira
1588 561 2014 628 inclementer
2067 558 2396 637 locutum,
2455 558 2812 625 avar-itiam

626 672 1141 754 superbiamque
1188 669 1518 735 Romanis
1560 665 1990 748 objicientem
2025 664 2432 747 frequentem
2476 662 2660 746 quod
2687 663 2816 727 alii

625 790 829 853 super
885 771 1061 836 ulios
1102 772 1305 854 legati
1356 770 1653 835 venirent
1693 766 2028 849 speculari
2075 765 2262 831 dicta
2302 765 2612 848 factaque
2660 782 2812 842 sua,

625 871 804 956 quod
834 891 911 936 se
944 872 1030 937 ad
1074 878 1299 937 nutum
1328 872 1808 954 imperiumque
1841 886 2068 933 comm
2097 866 2321 931 omnia
2347 866 2572 931 dicere
2599 885 2684 930 ac
2711 865 2816 931 fa.-

626 990 775 1035 cere
803 991 1067 1055 aequum
1100 982 1457 1037 censerent.
1533 969 1906 1045 Postremo,
1933 970 2211 1033 multum
2237 986 2318 1032 ac
2339 966 2456 1030 diu
2489 967 2814 1033 vocifera·-

626 1078 789 1154 tum,
814 1074 1054 1138 reverti
1088 1082 1373 1157 postero
1412 1072 1521 1136 die
1541 1072 1854 1156 jussisse.
1921 1070 2283 1151 ‚Scriptum
2311 1086 2386 1132 se
2411 1087 2814 1151 responsum

626 1172 783 1237 dare
813 1174 1003 1239 velle.
1090 1174 1264 1239 Tum
1296 1175 1391 1237 ita
1422 1173 1557 1238 sibi
1586 1171 1906 1254 scriptum
1939 1170 2248 1233 traditum
2295 1186 2482 1233 esse:
2527 1167 2812 1248 Foedus,

628 1293 781 1339 cum
810 1282 1000 1357 patre
1028 1276 1257 1352 ictum,
1282 1273 1369 1339 ad
1399 1292 1477 1337 se
1500 1272 1666 1337 nihil
1694 1272 2036 1353 pertinere.
2107 1269 2193 1334 Id
2221 1289 2294 1334 se
2312 1270 2646 1349 renovari,
2673 1288 2812 1335 nou

628 1375 791 1459 quia
819 1378 1146 1459 probaret,
1178 1376 1301 1440 sed
1334 1376 1496 1458 quia
1520 1374 1594 1437 in
1621 1390 1802 1437 nova
1819 1373 2250 1455 possessione
2277 1373 2464 1453 regni
2493 1372 2816 1453 patienda

628 1478 854 1542 omnia
880 1483 1124 1553 essent,
1157 1496 1461 1562 passum.
1548 1475 1627 1540 Si
1647 1493 1894 1539 novum
1923 1474 2142 1539 soedus
2169 1494 2396 1539 secum
2423 1473 2646 1538 facere
2671 1474 2822 1539 vel-

624 1577 789 1657 lent,
816 1582 1165 1645 convenire
1188 1580 1373 1663 prius
1401 1578 1485 1642 de
1514 1576 2010 1642 conditionibus
2037 1576 2322 1655 debere3
2365 1581 2455 1654 et,
2485 1576 2646 1639 siin
2669 1576 2820 1641 uui-

626 1698 805 1743 mum
850 1680 1252 1755 inducerent,
1298 1685 1375 1744 ut
1412 1698 1504 1743 ex
1542 1697 1744 1761 oequo
1779 1676 2002 1741 foedus
2029 1675 2238 1753 fieret,
2285 1682 2460 1741 etse
2489 1676 2816 1755 visurum,

629 1780 790 1860 quid
812 1781 945 1845 sibi
970 1781 1353 1846 faciundum
1385 1788 1591 1858 esset,
1621 1788 1696 1845 et
1721 1780 1876 1844 illos
1905 1778 2176 1845 credere
2205 1778 2299 1842 rei
2331 1778 2626 1860 publieae
2651 1798 2821 1844 con-

628 1882 941 1949 sulturos.
1030 1884 1254 1968 Atque
1280 1887 1379 1949 itu
1408 1903 1483 1949 se
1515 1882 1953 1966 proripuisse,
1997 1888 2070 1944 et
2109 1880 2512 1945 summoveri
2555 1900 2596 1943 e
2634 1882 2822 1963 reg-ia

628 1974 857 2047 omues
886 1991 1175 2066 coeptos.
1260 1986 1435 2049 Tum
1464 2004 1541 2049 se
1582 1984 1946 2049 amicitiam
1988 1988 2058 2045 et
2097 1982 2496 2045 societatem
2527 1984 2822 2046 munti-

629 2102 811 2147 asse.
846 2108 852 2115 ·
898 2084 1057 2162 Qua
1084 2104 1253 2149 voce
1274 2106 1425 2151 eum
1456 2104 1809 2149 accensum
1839 2082 2186 2160 restitisse,
2213 2088 2410 2166 atque
2440 2100 2604 2147 voce
2633 2084 2821 2148 clara.

629 2183 1048 2251 denuntiasse
1078 2188 1238 2264 sibi,
1264 2194 1343 2251 ut
1370 2186 1594 2251 triduo
1625 2186 1806 2268 regni
1827 2184 1934 2249 sui
1957 2183 2348 2249 decederent
2371 2184 2636 2249 finibus.
2707 2184 2822 2250 Itu

632 2304 708 2348 se
757 2286 1135 2368 profectos3
1178 2307 1303 2352 nec
1342 2286 1502 2362 sibi,
1552 2294 1672 2350 aut
1709 2285 2148 2362 venientibus,
2193 2288 2308 2349 aut
2345 2286 2826 2363 manentibus?-

630 2387 989 2470 quicquam
1018 2388 1431 2471 hospitaliter
1452 2394 1571 2453 aut
1598 2386 1874 2468 benig-ue
1897 2384 2199 2451 factum!
2285 2385 2604 2451 Thessali
2629 2386 2817 2451 deiu-

628 2489 711 2552 de
736 2489 1077 2573 AEtolique
1108 2491 1311 2571 legati
1342 2490 1576 2556 auditi.
1666 2489 1969 2564 Senatui,
2017 2496 2100 2552 ut
2141 2489 2390 2553 scirent
2433 2507 2638 2570 quam
2677 2490 2823 2570 pri-

628 2608 837 2666 mum,
868 2593 1119 2671 quibus
1149 2592 1435 2656 ducibus
1463 2611 1665 2656 usura
1694 2611 1798 2654 res
1841 2589 2112 2674 publica
2143 2595 2348 2666 esset,
2389 2590 2614 2654 literas
2641 2589 2818 2654 mitti

630 2689 1016 2754 consulibus
1046 2693 1332 2775 placuit,
1360 2700 1462 2770 ut,
1492 2699 1636 2756 uter
1663 2711 1890 2758 eorum
1919 2699 2172 2774 posset,
2175 2700 2196 2739 ³
2243 2691 2532 2756 Romam
2561 2691 2648 2755 ad
2673 2709 2826 2756 mu·-

628 2793 949 2872 gistratus
978 2793 1307 2858 creandos
1337 2796 1611 2859 veniret.

712 2889 819 2956 26.
868 2892 1057 2958 Nihil
1088 2913 1504 2978 magnopere,
1530 2894 1715 2979 quod
1747 2894 2099 2960 memorari
2141 2894 2436 2970 attineat,
2467 2894 2565 2958 rei
2598 2895 2818 2978 publi-

631 3013 733 3059 cae
762 3013 845 3058 eo
878 3015 1055 3060 auno
1085 2997 1403 3061 consules
1431 3001 1791 3077 gesserant.
1877 2993 2106 3077 Magis
2132 3013 2172 3058 e
2199 3013 2271 3058 re
2297 2995 2572 3077 publica
2599 2995 2818 3060 visum

628 3103 792 3169 erat,
822 3097 1173 3179 comprimi
1204 3117 1287 3162 ac
1322 3095 1547 3160 sedari
1588 3103 2030 3178 exasperatos
2067 3094 2378 3176 Ligures.
2466 3093 2634 3160 Cum
2665 3095 2818 3162 Ma·

631 3194 1027 3260 cedouicum
1065 3197 1317 3261 bellum
1364 3205 1862 3279 expectaretur,
1891 3195 2208 3261 Gentium
2251 3215 2518 3280 quoque
2543 3195 2824 3281 Illyrio·.

630 3313 773 3358 rum
802 3315 1019 3377 regem
1050 3304 1431 3379 suspectum
1468 3297 1768 3364 Issenses
1785 3297 1988 3377 legati
2011 3297 2321 3375 fecerunt,
2353 3297 2554 3361 simul
2573 3299 2816 3380 questi,

628 3397 793 3459 fines
814 3414 979 3462 suos
1001 3397 1293 3462 secundo
1318 3398 1736 3481 populatum,
1757 3398 1962 3460 simul
1983 3398 2376 3474 nuntiantes,
2406 3403 2427 3431 ‘
2445 3417 2578 3461 uno
2597 3397 2815 3463 animo

631 3499 849 3562 vivere
910 3498 1355 3563 Macedonum
1416 3505 1616 3582 atque
1674 3499 2049 3582 lllyriorum
2107 3518 2332 3580 regem
2357 3498 2426 3578 3!
2484 3500 2818 3564 communi

629 3601 911 3665 consilio
942 3620 1176 3684 parare
1210 3599 1540 3690 Romanis
1566 3600 1861 3680 bellum;
1899 3606 1976 3663 et
2014 3601 2238 3682 specie
2268 3599 2622 3682 legatorum
2657 3599 2818 3684 Iny-

630 3699 767 3762 rios
810 3700 1263 3782 speculatores
1312 3701 1555 3766 Romae
1597 3721 1774 3778 esse,
1819 3702 2026 3765 Perse
2046 3708 2078 3749 4
2119 3709 2388 3765 auctore
2417 3704 2686 3778 missos,
2712 3710 2815 3779 ut,

633 3801 801 3881 quid
854 3809 1169 3883 ageretur,
1222 3801 1511 3868 scirent!
1597 3801 1813 3886 Illyrii
1865 3803 2099 3866 vocati
2137 3803 2204 3864 in
2263 3809 2587 3867 senatum.
2676 3800 2818 3879 Qui

688 3948 723 3992 s
748 3951 816 3998 Co
820 3951 1014 4000 worden
987 3955 1283 4011 cuiquem
1284 3951 1431 4002 sinen
1455 3926 2828 4054 me,etae1smu·nnptritsdeeenm‚coqiunetimoem‘

632 4029 773 4076 reeeg
746 4015 931 4062 seMue
930 4013 1131 4062 donioeu
1102 4018 1241 4077 utque
1262 4015 1385 4079 Illyr
1386 4015 1467 4064 ici.
1667 4047 1672 4052 -

1576 4107 1636 4128 00
1639 4107 1882 4128 om

630 4191 775 4304 Οηιᾷιι
781 4191 951 4304 GDou·
932 4189 1037 4253 jtt.
1063 4191 1217 4241 Crev.
1221 4194 1317 4242 —8
1354 4191 1533 4242 Lectio
1556 4190 1765 4241 Floreb.
1797 4205 1890 4255 pro
1911 4192 2052 4255 vulg.
2085 4189 2492 4242 mutim-⁸
2529 4193 2673 4246 Eme
2693 4193 2813 4246 edu·

632 4269 697 4304 uu
