3177 4950
1076 418 1220 464 ms.
1268 417 1497 470 xmn.
1546 418 1710 466 car.
1755 405 1861 498 19.
2382 406 2558 471 3653

362 574 581 642 quens
628 557 1001 634 castellum,
1050 556 1477 624 Draudacum
1523 563 1813 638 nomine,
1867 564 2225 645 peritorum
2283 564 2556 646 quidam

360 661 649 741 regionis
679 660 851 744 ejus,
882 666 902 696 ‘
936 660 1099 724 nihil
1130 659 1383 725 anneo
1425 667 1629 745 capto
1675 681 1850 745 opus
1896 664 2100 740 esse,’
2128 663 2244 739 ait,
2275 669 2295 698 ‘
2325 665 2458 728 nisi
2479 668 2558 728 in

359 769 701 844 potestate
728 769 799 828 et
830 761 1263 826 Draudacum
1292 762 1399 826 sit.
1488 761 1956 845 opportunius
1985 765 2184 830 etiam
2217 764 2306 828 ad
2335 767 2558 830 omnia

361 863 655 945 positum
680 862 867 928 esse?
955 861 1255 927 Admeto
1292 862 1628 940 exercitu,
1651 883 1886 928 omnes
1917 864 2254 946 extemplo
2287 865 2557 931 dedide-

364 968 519 1028 runt
546 983 719 1028 sese.
808 962 965 1042 Qua
996 983 1125 1047 spe
1145 963 1451 1028 celeriore
1478 962 1814 1030 deditione
1841 973 2174 1040 erectus‚··
2191 974 2560 1051 postquam

366 1064 849 1142 animadvertit,
902 1071 1195 1148 quantus
1246 1063 1529 1146 agminis
1575 1066 1684 1130 sui
1739 1073 1946 1132 terror
1993 1075 2198 1144 esset,
2251 1068 2558 1133 undecim

366 1165 505 1230 alia
546 1167 837 1231 castella
877 1165 1117 1232 eodem
1162 1173 1339 1232 metu
1368 1167 1437 1230 iu
1466 1171 1858 1249 potestatem
1903 1167 2166 1248 redigit.
2253 1164 2364 1231 Ad
2411 1189 2558 1252 per-

364 1284 589 1349 pauca
613 1268 677 1330 vi
701 1286 879 1350 opus
906 1266 1059 1343 fuit,
1078 1274 1301 1332 cetera
1320 1266 1670 1332 voluntate
1692 1266 1956 1347 dedita3
1999 1275 2070 1330 et
2091 1269 2158 1332 in
2181 1268 2285 1331 bis
2316 1273 2566 1353 recepti

366 1367 551 1433 mille
600 1374 669 1433 et
712 1369 1057 1452 quingenti
1104 1367 1421 1452 dispositi
1448 1368 1570 1452 pe'r
1601 1369 1916 1451 praesidia
1961 1368 2210 1432 milites
2243 1367 2562 1434 Romani.

369 1465 627 1550 Magno
644 1470 802 1532 usui
822 1469 1155 1534 Carvilius
1176 1469 1573 1553 Spoletinus
1595 1473 1740 1534 erat
1761 1469 1826 1533 in
1845 1469 2226 1553 colloquiis,
2248 1470 2564 1550 dicendo,

366 1569 525 1634 nihil
581 1570 651 1633 in
702 1570 893 1652 ipsos
948 1573 1285 1635 saevitum.
1374 1569 1489 1634 Ad
1548 1569 1874 1635 anneum
1897 1577 1946 1610 ¹¹
2003 1579 2394 1653 perventum
2441 1579 2566 1650 est,

368 1670 551 1753 quod
584 1671 727 1734 sine
744 1671 937 1754 justa
974 1671 1479 1755 oppugnatione
1515 1671 1674 1754 capi
1702 1690 1837 1735 nou
1867 1677 2162 1754 poterat;
2205 1679 2280 1736 et
2309 1673 2564 1756 majore

370 1771 742 1854 aliquanto,
772 1792 975 1856 quam
1012 1779 1311 1848 cetera,¹²
1353 1772 1731 1856 juventute,
1777 1777 1848 1835 et
1893 1771 2192 1836 validum
2235 1774 2564 1856 oppidum

368 1873 709 1938 moenibus
737 1882 901 1939 erat.
990 1874 1081 1938 Et
1118 1873 1275 1938 binc
1300 1875 1515 1938 amnis
1546 1873 1832 1938 Artatus
1869 1874 2158 1952 nomine,
2185 1873 2338 1938 hinc
2368 1895 2566 1939 mons

369 1972 697 2054 proealtus
722 1981 795 2038 et
823 1972 1005 2038 aditu
1051 1972 1349 2039 difficilis
1388 1975 1726 2056 cingebat.
1815 1973 1996 2038 Haec
2029 1993 2218 2056 spem
2251 1975 2336 2039 ad
2365 1977 2568 2040 resis-

370 2073 643 2138 tendum
672 2073 1028 2156 oppidanis
1046 2074 1323 2138 dabant.
1414 2073 1730 2149 Perseus,
1749 2074 2256 2139 circumvallato
2283 2076 2568 2158 oppido,

370 2193 684 2256 aggerem
710 2194 753 2238 a
779 2183 971 2257 parte
998 2176 1345 2259 superiore
1374 2175 1618 2240 ducere
1649 2175 1960 2249 instituit,
1986 2173 2180 2257 cujus
2210 2175 2568 2242 altitudine

372 2295 597 2342 muros
636 2286 1011 2363 superaret.
1100 2277 1305 2356 Quod
1336 2297 1513 2360 opus
1544 2278 1704 2340 dum
1734 2276 2094 2358 perficitur,
2123 2277 2374 2342 crebris
2401 2279 2570 2343 inte-

372 2377 496 2441 rim
526 2379 809 2460 praeliis,
838 2380 1087 2463 quibus
1116 2399 1235 2463 per
1262 2380 1702 2443 excursiones
1733 2385 1804 2440 et
1831 2376 2079 2440 moenia
2109 2395 2232 2440 sua
2253 2379 2570 2460 oppidani

374 2482 791 2553 tutabantur,
840 2488 910 2545 et
950 2500 1161 2563 opera
1198 2480 1491 2544 hostium
1534 2477 2016 2562 impediebant,
2059 2496 2300 2560 magua
2344 2499 2568 2543 eorum

376 2581 735 2646 multitudo
777 2583 981 2645 variis
1030 2582 1303 2645 casibus
1344 2580 1656 2643 absumta
1699 2585 1846 2658 est3
1893 2583 1984 2655 et,
2014 2578 2131 2661 qui
2171 2588 2572 2663 supereraut,

375 2680 605 2743 labore
634 2681 867 2745 diurno
897 2688 1355 2763 nocturnoque
1384 2686 1453 2744 et
1482 2678 1870 2744 vulneribus
1891 2678 2158 2741 inutiles
2177 2686 2388 2743 erant.
2434 2680 2573 2746 Ubi

376 2781 661 2863 primum
710 2792 907 2863 agger
950 2780 1287 2863 injunctus
1333 2798 1525 2843 muro
1556 2788 1702 2857 est3
1749 2785 1821 2841 et
1863 2778 2106 2841 cohors
2148 2780 2356 2859 regia,
2401 2799 2574 2862 quos

376 2879 745 2945 Nicatoras
796 2882 1197 2964 appellant,¹
1248 2877 1679 2951 transcendit,
1725 2885 1794 2940 et
1841 2876 2048 2940 scalis
2096 2876 2326 2941 multis
2375 2882 2574 2945 simul

378 2981 681 3063 partibus
732 2980 1025 3063 impetus
1072 2980 1139 3043 in
1192 2980 1423 3043 urbem
1477 2982 1583 3042 est
1638 2978 1888 3043 factus.
1979 2976 2283 3040 Puberes
2345 3000 2576 3045 omnes

377 3080 703 3145 interfecti
750 3086 934 3145 sunt:
1000 3080 1318 3162 conjuges
1370 3080 1758 3161 liberosque
1809 3098 2038 3142 eorum
2088 3080 2154 3143 in
2201 3078 2576 3147 custodiam

382 3181 572 3245 dedit
594 3188 673 3245 :¹³
720 3180 972 3263 praedae
998 3180 1134 3245 alia
1159 3180 1437 3245 militum
1469 3196 1748 3243 cessere.
1809 3178 2161 3242 Stuberam
2183 3178 2340 3244 inde
2366 3182 2578 3247 victor

446 3350 487 3375 ¹¹⁸
522 3343 685 3406 anue
706 3342 947 3392 deditione
966 3341 1187 3405 inflatus,
1207 3354 1313 3401 qua
1332 3336 1662 3400 celerior-finit,
1683 3350 1826 3399 quum
1846 3334 2282 3398 speratumsuemt.

384 3504 749 3609 botrium—ll
776 3547 889 3598 ‘Ad
914 3549 1199 3597 orationem
1221 3547 1400 3597 melius
1420 3544 1730 3596 nectendam
1751 3542 1889 3591 an.
1915 3540 2156 3591 tentabat
2183 3540 2303 3589 Inde
2321 3540 2384 3587 ed
2405 3540 2578 3587 Om-

381 3626 499 3669 που
518 3611 653 3677 quod
674 3626 775 3662 non
796 3626 927 3675 opus
952 3612 1125 3677 puto-'-
1136 3612 1505 3673 Demiurge-12
1537 3613 1553 3638 ⁶
1580 3608 1805 3667 Fortein
1821 3607 1992 3656 ceteris
2018 3615 2144 3670 puta
2165 3602 2408 3669 oppidis!
2439 3604 2494 3651 J.
2519 3604 2580 3651 F.

1358 3724 1582 3779 NOTAE

384 3811 575 3859 mstis:
600 3810 739 3875 quod
760 3812 805 3861 si
828 3810 899 3861 its
922 3818 1022 3873 est,
1045 3818 1135 3859 aut
1158 3809 1265 3859 falli
1288 3822 1439 3872 opor·
1521 3820 1638 3856 esse
1657 3804 1966 3867 sabioncello,
1999 3812 2090 3853 aut
2126 3804 2381 3853 Cidermo.
2455 3800 2581 3849 Sco·

388 3894 467 3935 tet
493 3886 713 3947 Livium,
744 3902 858 3938 cuni
892 3890 943 3937 iu
975 3888 1231 3937 Labeates
1254 3884 1440 3935 transi·
1522 3880 1670 3929 dram
1707 3889 1880 3929 autem
1915 3892 2030 3929 eum
2067 3880 2270 3929 Doclea
2303 3879 2414 3928 sive
2457 3876 2582 3925 Dio·

388 3969 497 4010 tum
522 3976 617 4025 per
640 3962 857 4013 (Eneum
896 3964 1239 4012 Penestarum
1275 3959 1445 4023 ponit,
1524 3956 1657 4017 elea,
1676 3954 1962 4004 Scordiscis
1983 3952 2210 4003 ascribit.

386 4045 475 4085 sut
516 4051 789 4101 perperam
822 4038 984 4089 locari
1013 4038 1270 4088 Penestas
1310 4036 1446 4085 inter
1587 4038 1615 4064 ¹
1671 4032 1802 4086 Quos
1859 4029 2117 4079 Nicatoras
2169 4026 2436 4090 appellant]
2515 4024 2576 4073 Id

390 4111 703 4175 Deuriopes,
739 4110 1107 4177 Stymphalioa,
1146 4119 1201 4159 et
1238 4110 1444 4160 Atinta-
1526 4106 1771 4156 Graecum
1795 4103 2098 4153 vocabulum
2119 4110 2214 4160 est,
2234 4117 2332 4167 quo
2353 4102 2579 4152 victores

388 4200 481 4235 nes
524 4201 555 4236 s
596 4188 717 4237 Nic.
754 4188 1007 4237 Samene.
1076 4187 1266 4235 Melius
1306 4184 1445 4233 forte
1526 4182 1884 4246 designantur.

390 4264 639 4327 Brietius,
664 4264 751 4327 qui
780 4262 1007 4315 OEneum
1032 4260 1311 4311 neotericis
1337 4260 1447 4307 vult
