3177 4950
2397 426 2602 493 8⁶⁰3.

384 591 573 679 (sunt
598 594 817 675 antem
845 610 925 655 ea
952 590 1109 657 loca
1134 590 1437 675 subjecta
1460 586 1800 673 Thraciae)
1822 592 1888 653 et
1906 586 2286 671 Agrianes:¹
2309 588 2574 653 admix-

386 696 481 762 tis
508 693 711 759 etiam
737 692 1103 759 Thracibus
1130 693 1403 770 incoliS,
1424 693 1622 757 trium
1655 691 1932 757 millium
1961 691 2164 755 ferme
2185 697 2258 755 et
2283 690 2420 774 ipsi
2448 710 2574 755 ex-

384 796 735 880 pleverunt
756 813 1123 859 numerum.
1191 790 1594 859 Armaverat
1619 798 2176 876 contraxeratque
2203 811 2321 855 eos
2353 792 2572 857 Didas

388 896 624 974 Paeon,
650 896 766 979 qui
810 895 1299 961 adolescentem
1339 894 1752 959 Demetrium
1791 894 2150 959 occiderat.
2243 893 2332 957 Et
2359 912 2574 959 arma-

386 1006 607 1066 torum
650 996 787 1071 duo
830 994 1041 1063 millia
1083 994 1431 1061 Gallorum
1468 1001 1670 1071 erant,
1706 996 2020 1081 praefecto
2055 994 2574 1092 Asclepiodoto.

382 1096 498 1165 Ab
546 1097 881 1166 Heraclea
920 1116 1011 1161 ex
1054 1098 1377 1162 Sintiis²¹¹
1422 1100 1553 1163 tria
1591 1098 1800 1162 millia
1838 1098 2172 1161 Thracum
2215 1096 2574 1162 liberorum

384 1218 581 1269 suum
630 1196 869 1263 ducem
920 1198 1275 1265 habebant.
1384 1198 1798 1265 Cretensium
1845 1218 1970 1281 par
2015 1216 2212 1281 paene
2259 1215 2572 1261 numerus

382 1318 551 1365 suos
590 1299 801 1369 duces
840 1301 1263 1381 sequebatur,
1294 1300 1539 1363 Susum
1579 1298 2106 1364 Phalasarneum
2125 1304 2146 1344 ³
2165 1305 2193 1343 s
2221 1305 2288 1361 et
2315 1296 2574 1379 Syllum

386 1399 779 1467 Gnossium.
840 1460 847 1468 .
894 1400 989 1465 Et
1050 1400 1391 1465 Leonides
1453 1399 1998 1465 Lacedaemonius
2048 1398 2427 1482 quingentis
2482 1416 2574 1463 ex

388 1500 681 1577 Graecia,
708 1502 921 1568 mixto
950 1502 1179 1583 generi
1210 1500 1567 1577 hominum,
1595 1508 1902 1584 praeerat.
1991 1498 2190 1582 Regii
2218 1499 2282 1562 is
2319 1498 2572 1580 generis

384 1600 753 1683 ferebatur3
802 1601 986 1679 exul,
1026 1603 1383 1667 damnatus
1430 1600 1766 1685 frequenti
1809 1600 2096 1666 concilio
2141 1600 2572 1676 Achaeorum,

384 1701 594 1767 literis
620 1702 707 1767 ad
738 1702 987 1768 Persea
1012 1700 1385 1785 deprensis.
1470 1702 1848 1767 AEtolornm
1893 1708 1964 1765 et
2007 1702 2422 1777 Boeotorum,
2455 1698 2574 1781 qui

383 1820 522 1865 non
566 1802 935 1885 explebant
974 1802 1127 1885 plus
1156 1820 1361 1886 quam
1389 1802 1896 1887 quingentorum
1925 1820 2156 1866 omnes
2205 1818 2572 1874 numerum,

384 1904 574 1989 Lyco
592 1902 893 1969 Achaeus
912 1903 1271 1987 praefectus
1294 1911 1454 1971 erat.
1516 1906 1627 1969 Ex
1649 1906 1754 1969 his
1774 1904 2006 1969 mixtis
2029 1910 2132 1968 tot
2153 1902 2571 1987 populorum,

386 2010 486 2073 tot
512 2006 807 2095 gentium
837 2005 1135 2081 auxiliis,
1159 2003 1509 2071 duodecim
1532 2006 1740 2071 millia
1761 2014 2168 2071 armatorum
2195 2004 2404 2069 ferme
2431 2000 2570 2067 effi·
2606 2032 2611 2039 ·

384 2105 743 2171 ciebantur.
830 2106 1148 2189 Equitum
1200 2127 1291 2173 ex
1337 2113 1481 2173 tota
1528 2108 1938 2173 Macedonia
1981 2111 2404 2187 contraxerat
2446 2105 2572 2169 tria

384 2206 617 2272 millia.
724 2204 1017 2273 Venerat
1058 2206 1303 2273 eodem
1346 2208 1583 2294 Cotys,
1631 2210 1900 2275 Seuthae
1943 2208 2142 2284 filius,
2185 2226 2307 2271 rex
2357 2205 2572 2287 gentis

386 2304 843 2393 Odrysarum·
880 2328 1035 2375 cnm
1064 2310 1245 2375 mille
1268 2310 1555 2377 delectis
1582 2312 1948 2396 equitibus,
1981 2311 2130 2394 pari
2157 2308 2358 2374 ferm'e
2388 2308 2573 2391 pedi-

382 2414 519 2477 tum
548 2429 839 2475 numero.
914 2411 1193 2477 Summa
1222 2413 1420 2478 totius
1445 2415 1778 2479 exercitus
1813 2413 2080 2494 triginta
2097 2430 2338 2478 novem
2363 2408 2573 2474 millia

380 2509 686 2592 peditum
712 2517 919 2589 erant,
940 2519 1227 2596 quatuor
1249 2513 1567 2594 equitum.
1613 2513 1798 2580 Satis
1819 2513 2190 2589 constabat,
2209 2511 2572 2576 secundum
2616 2516 2621 2522 ⁴

382 2629 536 2674 enm
580 2612 972 2689 exercitum,
1004 2630 1203 2694 quem
1244 2610 1536 2694 Magnus
1570 2613 1951 2678 Alexander
1989 2613 2058 2677 in
2100 2613 2338 2678 Asiam
2377 2609 2572 2694 traje-

383 2711 503 2789 cit,
531 2730 877 2794 nunquam
909 2711 1109 2777 ullius
1142 2711 1595 2780 Macedonum
1627 2717 1799 2799 regis
1830 2715 2064 2799 copias
2093 2720 2312 2780 tantas
2341 2713 2569 2778 fuisse.

1126 446 1271 495 ma.
1317 446 1512 495 κιαι.
1556 446 1722 495 ομ».
1765 430 1870 495 52.

467 2809 575 2876 52.
620 2811 867 2878 Sextus
911 2818 979 2877 et
1022 2813 1437 2880 vicesimus*
1478 2823 1736 2882 annus·
1777 2817 2119 2899 agebatur,
2147 2835 2234 2880 ex
2279 2835 2410 2898 quo
2457 2835 2572 2897 pe·

1296 2973 1661 2994 meum

383 3087 503 3124 mox
540 3074 751 3125 Paroria
784 3075 907 3124 edd.
942 3081 1063 3126 ante
1099 3075 1259 3140 Sigon
1263 3079 1379 3125 .—2
1410 3075 1714 3139 Legendnrn
1738 3081 1888 3141 putat
1919 3075 1971 3126 D
1979 3075 2088 3126 rak.
2127 3073 2302 3124 Sintis.
2305 3073 2460 3122 ——8‘
2483 3070 2568 3126 Ad

382 3129 747 3188 auctoritatem
772 3139 953 3206 steph.
976 3141 1106 3205 Byz.
1131 3139 1459 3191 scribendum
1484 3140 1710 3242 videtur,
1749 3146 1809 3190 nt
1839 3147 2015 3192 monet
2053 3137 2220 3190 Drak.
2258 3138 2572 3188 Phalarin-ai·

380 3202 499 3253 um!
520 3203 790 3268 Doering.

1370 3284 1422 3336 N
1431 3283 1590 3337 01·AE

444 3381 463 3414 ²
512 3377 907 3442 Parstrymonia]
973 3377 1059 3430 Ad
1106 3380 1439 3444 Strymonem

381 3467 605 3516 amnem,
626 3467 744 3516 pars
761 3453 969 3504 videtur
989 3451 1151 3504 fnisse
1167 3453 1441 3510 Edonidio.

381 3531 465 3582 vei
490 3527 887 3580 Odomanticen.

445 3611 471 3636 ¹¹
502 3605 574 3653 Et
596 3603 865 3667 Agrianes]
916 3602 1001 3654 Au
1022 3603 1235 3655 fluvium
1254 3619 1441 3670 cogno·

384 3679 578 3729 minem
612 3679 665 3728 in
702 3679 925 3730 Thracia
957 3681 1043 3729 niti
1080 3688 1231 3730 eraut
1262 3679 1317 3730 hi
1350 3693 1441 3744 po·

383 3754 513 3819 puli.

442 3837 469 3864 ⁸
500 3829 581 3880 Ab
604 3829 845 3880 Heraclea
864 3844 927 3882 ιω
947 3829 1147 3893 Sintiis]
1170 3831 1302 3882 Cum
1324 3831 1437 3894 plu-

380 3920 467 3956 res
503 3913 678 3956 cuent
711 3906 987 3956 Heraclea
1018 3907 1073 3956 in
1108 3905 1439 3969 Macedonia,

379 3982 493 4032 haec
519 3982 573 4032 in
596 3981 800 4032 Sintica
819 3983 1029 4046 regione
1062 3980 1183 4043 fuit,
1206 3981 1441 4045 subjecta

380 4055 580 4108 Orbelo
603 4056 765 4107 monti
782 4053 809 4104 ε’
833 4072 948 4121 quae
966 4072 1086 4123 para
1110 4057 1163 4107 M
1172 4057 1436 4108 acedoniae

378 4131 601 4184 maxime
626 4131 868 4182 borealia.

442 4213 465 4249 5
498 4207 900 4270 Phalasarneum]
934 4208 978 4256 Α
1003 4209 1323 4259 Phalasarna
1342 4209 1433 4274 σμ’·

378 4282 505 4348 pido
527 4283 717 4341 Crete,
738 4283 791 4334 iu
814 4298 908 4334 ora
938 4284 1119 4336 iusnlae
1140 4285 1434 4336 occidenta-

510 4359 685 4427 υσιριι.
702 4368 753 4413 ee
778 4363 893 4414 var.
918 4363 1049 4413 cun.

1368 4363 1553 4416 Linus.

1519 3381 1577 3440 li,
1621 3386 1678 3431 et
1717 3379 2152 3446 Polyrbeniorum
2205 3384 2400 3441 tractu,
2435 3391 2572 3428 nunc

1520 3456 1792 3508 cumi.

1583 3531 1806 3596 ’σοφῇ
1825 3532 2020 3582 Seraka
2036 3531 2200 3596 filius,
2219 3528 2479 3591 κωμικὴ
2503 3529 2574 3576 0·

1518 3607 1794 3672 ‹io-ysaram]
1841 3607 1907 3657 In
1943 3608 2186 3658 Thracia·
2221 3607 2276 3654 in
2314 3618 2416 3668 qua
2447 3603 2574 3653 Seu·

1520 3683 1636 3734 thes
1659 3683 1786 3734 aliua
1808 3685 1920 3750 jam
1952 3691 2184 3748 ternpore
2205 3679 2572 3745 xenophontis

1518 3768 1846 3822 regnaverat.

1581 3841 1606 3869 ⁸
1637 3835 1819 3884 Sextus
1837 3841 1885 3886 et
1905 3835 2150 3885 uicatim
2165 3831 2346 3895 aaut]
2377 3833 2428 3881 A
2449 3845 2574 3882 con·

1516 3910 1684 3960 sulatn
1735 3911 1976 3960 nimirum
2021 3911 2080 3961 C.
2119 3910 2348 3961 Cornelii
2391 3915 2450 3958 et
2501 3909 2572 3959 Q.

1517 3985 1756 4040 Minucii.
1776 3999 1878 4049 quo
1901 3994 2134 4050 tempore
2159 3997 2342 4048 pacem
2369 3983 2573 4045 Philip·

1518 4073 1614 4122 pus
1652 4075 1683 4109 a
1717 4061 1931 4112 Quintio
1963 4063 2357 4123 impetraverat,
2377 4067 2574 4108 utcon-

1514 4143 1624 4185 stat
1659 4149 1729 4195 aa
1762 4135 1852 4186 lib.
1875 4149 2090 4187 xxxin.
2129 4150 2248 4197 cap.
2285 4138 2365 4184 12.
2403 4141 2458 4182 et
2493 4136 2574 4182 1⁸.

1512 4209 1822 4274 Quanquam
1855 4208 2120 4272 Quintius,
2149 4209 2238 4275 qui
2269 4207 2338 4258 de
2374 4207 2574 4273 Philip-

1514 4299 1581 4348 po
1601 4293 1659 4337 et
1681 4284 1890 4337 Nabide
1913 4283 2270 4352 triumphavit,
2291 4297 2324 4334 e
2343 4283 2576 4350 Gracia,
