3177 4950
1099 445 1246 494 ιιιι.
1295 446 1459 494 xm.
1507 446 1677 494 cac.
1714 447 1941 495 xvm.
2408 433 2586 499 8495

386 614 504 679 gre
537 591 963 658 succedebat.
1053 588 1354 655 Alteram
1403 592 1631 657 hostes
1662 590 1812 656 cut'n
1842 592 2322 675 propulissent,
2352 604 2433 660 nt
2480 616 2587 662 re·

391 698 696 762 stitueret
745 712 882 757 rem
937 690 1346 765 inclinatam,
1403 692 1643 757 consul
1703 714 1883 777 equo
1932 694 2279 771 advectus,
2340 716 2505 763 suos
2534 706 2587 751 ¹⁹

390 798 654 881 quidem
699 814 742 860 a
784 795 946 877 fuga
986 794 1360 859 revocavit:
1409 794 1582 878 ipse,
1626 795 1781 859 dum
1818 797 2153 861 incautius
2192 803 2343 861 ante
2388 800 2587 880 signa

391 900 800 975 obversatur,
839 895 1081 960 missili
1131 895 1452 979 trajectus
1499 897 1764 963 cecidit.
1856 898 2005 963 Nec
2059 898 2291 963 hostes
2341 898 2584 964 ducem

391 1000 684 1063 occisum
727 1003 1120 1076 seusei-uun
1163 1003 1231 1062 et
1276 1016 1543 1062 suornm
1594 1000 1820 1081 pauci,
1874 1000 1987 1083 qui
2037 999 2358 1079 viderant,
2404 1001 2585 1065 haud

387 1100 822 1183 negligenter,r
861 1106 936 1164 ut
979 1100 1097 1181 qui
1155 1100 1223 1163 in
1283 1119 1366 1165 eo
1411 1102 1763 1167 victoriam
1813 1101 1973 1166 verti
2020 1101 2287 1177 scirent,
2342 1122 2584 1185 corpus

389 1202 840 1267 occultavere.
927 1199 1088 1267 Alia
1130 1201 1482 1267 multitudo
1524 1202 1829 1285 peditum
1866 1200 2321 1287 equitumque,
2363 1204 2587 1268 detur-

389 1302 567 1365 batis
605 1303 941 1380 hostibus,
969 1310 1231 1369 montes
1261 1305 1402 1367 sine
1431 1302 1605 1369 duce
1630 1322 1882 1385 cepere.
1972 1302 2083 1367 Ad
2114 1304 2412 1388 quinque
2440 1306 2583 1370 mil-

389 1402 487 1467 lia
514 1404 828 1484 Ligurum
859 1404 1128 1469 occisa:
1173 1420 1262 1467 ex
1292 1404 1607 1469 Romano
1636 1405 1943 1469 exercitu
1986 1404 2125 1469 duo
2158 1408 2227 1467 et
2254 1404 2582 1487 quinqua-

389 1506 576 1586 ginta
603 1504 1016 1569 ceciderunt.
1079 1503 1301 1587 Super
1320 1511 1455 1569 tam
1477 1506 1841 1571 evidentem
1874 1506 2080 1569 tristis
2106 1505 2355 1569 eminis
2386 1526 2585 1569 even-

391 1613 556 1681 tum,
610 1607 809 1670 etiam
855 1624 942 1669 ex
989 1605 1272 1687 pullario
1321 1605 1627 1670 auditum
1678 1612 1805 1682 est,
1856 1608 2085 1671 vitium
2140 1607 2211 1671 in
2268 1608 2583 1691 auspicio

388 1705 628 1781 fuisse,
657 1724 778 1769 nec
815 1705 885 1769 id
917 1705 1256 1771 consulem
1289 1706 1652 1789 ignorasse.
1739 1706 1819 1770 C.
1852 1705 2192 1783 Valeriae,
2222 1706 2455 1771 andita
2480 1714 2536 1745 ⁸⁰
2558 1716 2586 1757 Ρ

391 1806 606 1883 [morte
633 1805 718 1871 Q.
744 1803 1002 1875 Petillii,
1025 1807 1352 1865 exercitum
1379 1806 1505 1866 sine
1539 1806 1692 1865 duce
1734 1804 2005 1866 relictum
2048 1806 2125 1865 ad
2150 1826 2285 1865 suas

387 1902 593 1981 copias
616 1899 915 1977 adjunxit,
955 1899 1284 1979 iterumque
1325 1919 1631 1979 aggressus
1656 1901 1871 1971 hostes,
1916 1920 2119 1961 eorum
2152 1920 2283 1961 san·
2326 1905 2612 1969 Pigh.Ann.

387 1998 566 2075 guine
589 1994 836 2073 collegae
875 1996 1150 2057 manibus
1187 1997 1418 2074 egregie
1444 1997 1793 2076 parentavit..
1872 1994 2289 2075 Triumphavit
2314 1968 2456 2085 363:
2475 2034 2611 2086 Mu·

389 2092 466 2150 de
509 2091 864 2169 Liguribus.e
947 2090 1024 2151 In
1049 2090 1364 2169 legionem,
1391 2094 1563 2170 cujus
1588 2100 1727 2151 ante
1760 2092 1932 2170 signs
1954 2090 2159 2150 consul
2184 2110 2285 2151 oc·
2312 2113 2375 2149 u.
2398 2103 2449 2151 ⁶1.

391 2187 546 2247 cisus
569 2196 716 2257 erat,
741 2206 942 2247 severe
985 2186 1066 2245 ab
1105 2196 1312 2247 senatu
1355 2186 1821 2247 animadversum
1858 2195 1964 2247 est.
2052 2185 2129 2245 Ei
2156 2187 2285 2245 uni—

389 2304 572 2343 versae
607 2304 798 2363 neque
823 2282 1178 2364 stipendium
1219 2284 1358 2343 anni
1386 2282 1753 2362 procedere‚⁶
1793 2302 1984 2361 neque
2012 2302 2133 2342 sera
2154 2282 2287 2342 dari

391 2380 638 2459 placuit,
665 2379 807 2459 quia
833 2399 940 2459 pro
979 2380 1170 2439 salute
1199 2380 1588 2459 imperatoris,
1626 2379 1880 2439 hostium
1909 2376 2041 2437 telis
2084 2398 2147 2437 se
2172 2396 2287 2436 non

391 2475 746 2536 obtulerant.
831 2474 958 2534 Sub
983 2475 1112 2536 haec
1146 2483 1413 2554 tempora
1447 2474 1629 2552 legati
1660 2472 2099 2542 Dardanorum,
2140 2491 2292 2551 quos

391 2573 598 2648 ingens
642 2570 1064 2630 Bastarnarum
1105 2571 1420 2640 exercitus,
1479 2569 1775 2632 Clondico
1816 2567 1991 2637 duce,
2036 2577 2103 2626 ut
2152 2575 2289 2626 ante
2346 2581 2454 2633 ιιι·
2477 2597 2565 2634 11..

393 2666 864 2735 memoravimus,
909 2665 1234 2744 premebat,
1279 2664 1542 2724 Romam
1569 2683 1795 2722 venere.
1880 2663 2008 2729 Qui
2050 2681 2187 2722 cum
2212 2660 2289 2720 de
2315 2651 2519 2775 ⁶}olyb.

395 2760 701 2819 Bastarnis
740 2761 1166 2840 exposuissent,
1228 2767 1452 2839 quanta
1501 2767 1654 2817 esset
1698 2777 1897 2818 eorum
1948 2755 2287 2824 multitudo,
2314 2776 2482 2839 Legat.
2504 2777 2589 2823 σε.

394 2873 571 2933 quam
613 2875 856 2935 procera
897 2864 959 2914 et
1008 2856 1290 2916 immania
1332 2873 1602 2934 corpora,
1645 2861 1869 2930 quanta
1914 2853 1975 2910 in
2016 2849 2291 2931 periculis

1307 3011 1334 3030 0
1340 3008 1674 3030 0000000000,

391 3116 532 3162 mm
569 3112 792 3173 templum
829 3112 910 3160 vel
931 3113 1064 3172 foris
1085 3110 1360 3172 glossema,
1379 3115 1438 3159 et
1476 3106 1755 3158 delendum
1794 3103 2037 3154 videtur)
2074 3105 2407 3168 Rapum—19
2442 3103 2459 3130 ‘
2484 3099 2592 3150 Pro

397 3189 502 3228 suos
538 3191 637 3225 non
672 3179 805 3224 male
846 3183 1020 3225 tentat
1057 3175 1227 3224 Drak.
1249 3173 1418 3234 susos-⁹
1453 3173 1835 3235 Doering.—2⁰
1868 3169 1884 3197 ‘
1914 3171 1972 3220 C.
2000 3171 2231 3225 Valerius,
2256 3168 2422 3216 audita
2442 3172 2593 3216 morte

393 3239 600 3301 collega,
623 3240 954 3290 exercitamina
977 3240 1186 3301 Ligures
1203 3237 1425 3288 deduxit.
1491 3237 1580 3291 Ita
1606 3239 1837 3286 lacunam
1861 3235 2093 3299 explevit
2115 3233 2321 3283 Cluver.
2358 3231 2429 3282 lt.
2456 3229 2597 3280 Ant?

1385 3363 1609 3417 »101⁸AE

459 3473 486 3508 P
523 3467 582 3515 C.
603 3465 838 3527 Valerius,
850 3463 1042 3526 andita]
1073 3464 1454 3515 Desiderantur
1531 3462 1767 3512 indicare
1784 3461 2027 3510 videntur
2050 3458 2233 3520 Pighio
2254 3456 2485 3520 argentei
2504 3455 2594 3503 ‹le-

396 3541 1000 3604 hicquoe,anditamorte
1018 3540 1455 3602 Petillii,collega
1533 3538 1666 3588 narii
1709 3537 2095 3586 accuratissime
2137 3534 2247 3583 cusi
2288 3547 2405 3581 cnm
2448 3531 2595 3582 Jovis

399 3618 512 3680 ejus
533 3617 712 3680 gessit,
731 3627 840 3666 tum
865 3614 1078 3665 comitia
1097 3628 1228 3665 coss.
1250 3615 1315 3663 P.
1334 3614 1454 3663 Mn·
1535 3613 1742 3662 victoris
1796 3612 1973 3675 capite
2016 3611 2192 3658 laurea
2232 3615 2493 3670 coronato,
2538 3613 2595 3655 et

395 3692 462 3742 cii
496 3693 746 3742 Scaevolae
775 3699 831 3741 et
857 3691 935 3741 M.
961 3689 1152 3740 AEmilii
1173 3689 1376 3753 Lepidi.
1398 3693 1456 3739 et
1535 3687 1832 3752 triumphali
1855 3685 2125 3756 quadriga,
2156 3683 2249 3734 sub
2273 3699 2373 3748 qua
2407 3684 2598 3748 legitur

398 3777 681 3832 protorum
712 3767 800 3831 qni
835 3781 897 3814 eo
931 3779 1068 3814 anno
1091 3763 1318 3826 fuerunt,
1341 3777 1454 3814 cnm
1535 3763 1725 3814 n'omen
1762 3763 1907 3828 hujus
1946 3761 2185 3812 consulis.
2252 3761 2383 3810 Cum
2422 3769 2594 3810 antem

397 3843 668 3892 sortitione
703 3840 1104 3904 provinciarum,
1141 3845 1197 3888 et
1236 3853 1352 3904 qnae
1392 3838 1456 3886 ab
1535 3840 1827 3902 triumphus
1856 3837 2087 3887 victoriae
2128 3837 2195 3886 sit
2234 3835 2505 3900 praemium
2542 3841 2597 3882 et

397 3918 474 3966 his
497 3915 788 3967 consulibus
811 3923 955 3978 gesta
979 3915 1187 3964 fuerunt
1210 3914 1260 3963 in
1282 3912 1458 3963 Gallia
1536 3921 1915 3978 argumentum,
1938 3913 2057 3962 ideo
2082 3909 2292 3974 Ligure·-
2323 3924 2354 3958 a
2386 3909 2597 3959 Valerio

401 4003 457 4042 ot
491 3993 714 4057 Liguria.
781 3991 935 4042 Adde
971 3990 1107 4056 quod
1143 4005 1208 4040 ex
1248 3991 1458 4040 Valerio
1537 3989 1776 4039 devictos
1798 4002 1911 4037 ease
1933 3987 2173 4036 diximus.
2211 3986 2350 4035 Creu.

403 4069 632 4118 Maximo
665 4067 756 4116 lib.
781 4080 841 4116 ιι.
865 4081 911 4115 c.
932 4069 984 4115 7.
1016 4063 1183 4114 refert
1215 4063 1367 4114 Grnt.
1389 4064 1456 4113 de
1601 4061 1625 4097 ἆ
1660 4063 1830 4125 Neque
1863 4063 2148 4125 stipendium
2178 4060 2297 4108 cani
2324 4056 2599 4121 precedere]

402 4157 554 4205 poena
588 4139 779 4204 legioni
815 4155 842 4189 a
877 4147 1056 4189 senatu
1083 4137 1300 4196 inflicta,
1321 4138 1458 4204 quod
1539 4139 1725 4188 Vetuit
1744 4145 1954 4188 senatus
1975 4138 2111 4185 bunc
2140 4146 2325 4183 annum
2359 4131 2495 4182 inter
2524 4133 2599 4179 le·

404 4231 553 4282 passa
575 4225 713 4264 esset
735 4214 907 4264 occidi
934 4213 1219 4262 Petillium.
1541 4214 1746 4279 gitimos
1794 4211 1990 4262 militiis
2027 4225 2187 4261 annos
2224 4209 2340 4273 ejus
2378 4207 2598 4270 legionis

468 4302 488 4328 τ
524 4289 854 4354 Tn‘umphavit
905 4291 966 4339 de
1011 4287 1299 4351 Liguribus]
1346 4286 1464 4339 Hoc
1543 4287 1797 4340 militibus
1829 4286 2093 4350 imputari.
2134 4286 2277 4335 Creu.
