3177 4950
1605 445 1674 492 Τ.
1725 442 1915 493 mvn

924 595 1115 649 caum
1162 584 1229 645 Is
1244 600 1473 645 summa
1494 580 1828 643 calliditate
1855 587 1920 640 et
1929 558 2204 649 Rodacis,
2231 576 2464 637 hastam
2489 584 2824 655 argenteam

924 683 1215 763 quatiens,
1240 680 1407 741 velut
1439 678 1588 741 coelo
1629 679 1886 747 missam,
1921 675 2282 743 vaticinanti,
2307 672 2531 747 similis,
2565 673 2826 732 omnium

624 873 913 924 'I'bracasve
947 874 1265 925 bellantibus
1298 886 1412 923 seso
1434 871 1685 935 adjungo-

625 956 729 1011 ret,
772 948 825 999 iu
866 949 1101 999 intimam
1158 948 1540 1004 Macedoniam,
1583 959 1687 1011 qua

624 1025 883 1074 Dardanis
905 1027 1138 1090 proxima
1161 1034 1265 1088 est,
1293 1040 1410 1075 cnm
1446 1024 1686 1075 exercitu

625 1108 962 1164 penetrasse3
996 1103 1071 1151 ita
1108 1109 1166 1152 ut
1205 1116 1323 1167 quo
1362 1101 1429 1151 de
1462 1099 1687 1151 Olonico

621 1174 905 1228 interemto
938 1177 1253 1241 scribuntur,
1272 1177 1527 1229 Clondico
1560 1190 1686 1225 con·

624 1252 803 1301 venire
842 1254 1128 1317 potuerint.
1195 1252 1364 1318 quue
1396 1251 1688 1302 suadebant

623 1336 931 1393 argumenta
952 1329 1056 1381 dno
1076 1343 1145 1379 ex
1166 1330 1340 1385 Floro,
1356 1329 1543 1394 quibus
1563 1343 1684 1378 con-

626 1402 715 1453 fici
739 1402 1016 1454 videbatur
1048 1418 1128 1461 ea,
1152 1418 1269 1468 quae
1306 1402 1373 1452 de
1407 1401 1685 1452 Salondico

628 1478 869 1543 Hispano
908 1481 1047 1544 apud
1090 1494 1209 1529 enm
1254 1478 1575 1535 referuntur,
1617 1476 1684 1527 ad

622 1554 735 1605 bac
757 1561 997 1619 tempora
1013 1554 1247 1605 revocari
1266 1562 1371 1605 non
1386 1566 1559 1617 posse.
1592 1552 1685 1602 Al·

624 1638 790 1680 terum
816 1629 953 1695 quod
984 1638 1105 1681 ante
1130 1630 1467 1681 Salondicum
1491 1642 1685 1693 ponan-

623 1714 709 1756 tur
743 1706 951 1757 Metelli
980 1706 1334 1769 Macedonici,
1360 1705 1583 1771 junioris
1613 1702 1687 1754 A·

620 1779 829 1839 fricui,
880 1782 1087 1832 Decimi
1140 1781 1297 1832 Bruti
1336 1782 1390 1831 in
1424 1780 1688 1845 Hispania

622 1866 807 1922 gesta3
840 1872 959 1923 qua
992 1870 1115 1907 sane
1150 1858 1251 1908 boc
1289 1864 1525 1920 tempore
1564 1870 1686 1920 pos·

620 1937 813 1987 teriora
848 1942 998 1986 sunt:
1032 1942 1090 1986 et
1119 1936 1259 2001 quod
1295 1936 1477 1985 Florus
1506 1944 1686 1987 castra

620 2013 842 2062 consulis
874 2012 1015 2062 adita
1038 2012 1185 2063 dicat
1209 2011 1275 2063 ab
1298 2012 1541 2083 Olonico,
1564 2024 1684 2063 cnm
1710 2078 1718 2085 .

619 2094 795 2137 tamen
823 2101 917 2152 per
953 2083 1119 2138 bosce‘
1145 2102 1307 2139 annos
1340 2091 1507 2138 nullus
1543 2096 1684 2141 esset

620 2162 675 2211 in
698 2161 956 2227 Hispania
972 2163 1171 2224 consul,
1191 2163 1506 2228 citeriorqne
1523 2173 1577 2213 et
1607 2163 1683 2211 ul·

620 2236 785 2287 terior
828 2250 923 2302 per
961 2240 1313 2300 propt-nitores
1356 2244 1683 2301 regerentur.

618 2312 819 2363 Verum
858 2313 980 2363 huic
1022 2313 1297 2363 sententie
1350 2312 1684 2365 vehementer

620 2390 795 2441 obstat
828 2404 945 2455 quo
967 2389 1028 2440 fit
1064 2397 1250 2456 postea
1280 2388 1513 2439 Clondici
1540 2403 1681 2440 meu·

618 2466 695 2516 tlo
728 2464 818 2516 lib.
850 2479 999 2516 κων.
1032 2479 1150 2530 cap.
1179 2468 1263 2514 26.
1294 2472 1350 2514 et
1380 2466 1465 2514 27.
1532 2464 1682 2516 Licet

617 2543 756 2592 enim
792 2542 864 2592 ibi
902 2542 1171 2592 Gallorum
1210 2539 1420 2605 regulus
1455 2539 1682 2603 dicatur,

617 2615 832 2666 dubium
856 2623 1030 2666 umen
1064 2629 1178 2666 esse
1214 2629 1319 2665 non
1355 2623 1531 2678 potest
1554 2615 1680 2680 quin

616 2691 757 2742 idem
791 2692 863 2741 sit
898 2703 1013 2740 cum
1050 2693 1333 2755 superioris
1368 2692 1489 2740 anni
1522 2692 1680 2740 Clon-

616 2765 741 2816 dico
784 2766 1150 2817 Bastarnarum
1196 2766 1395 2829 regulo.
1464 2763 1714 2815 Bastar·'

614 2857 701 2892 nne
722 2843 918 2908 quippe
936 2841 1157 2893 Gallica
1182 2841 1396 2906 originis
1418 2841 1681 2905 ejusdem-

616 2931 721 2984 que
758 2932 874 2969 cnm
896 2917 1181 2970 Scordiscis
1214 2917 1419 2981 generis
1449 2915 1683 2982 fuerunt,

614 3007 715 3043 nec
749 3008 919 3044 sermo
954 3008 1053 3044 nec
1092 3008 1263 3044 mores
1308 2992 1679 3048 abhorrebant.

616 3075 757 3118 teste
796 3069 962 3120 Livio.
1022 3069 1164 3121 Quin
1202 3077 1259 3118 ct
1287 3067 1604 3118 Plutarchus
1624 3067 1678 3118 in

616 3143 807 3194 Paullo
840 3142 1047 3194 AEmilio
1080 3145 1365 3194 Bastarnas
1401 3143 1493 3193 bos
1534 3137 1684 3208 ipsos'

613 3227 769 3272 vocat
791 3217 1009 3269 Gallos=
1048 3226 1103 3270 et
1134 3220 1414 3271 Clondicus
1437 3221 1625 3271 Gallus
1646 3237 1678 3272 e

612 3295 836 3346 Thracia
854 3294 983 3360 (quo
1002 3295 1284 3345 Clondicus
1308 3297 1568 3346 Bastarna
1587 3297 1678 3346 ad·

612 3377 833 3420 venerat
849 3384 880 3419 a
893 3371 1141 3434 Philippo
1160 3369 1403 3434 vocatus)
1417 3380 1681 3437 narratur,

610 3445 806 3510 spretis
848 3445 1033 3495 Persei
1088 3445 1494 3509 conditionibus,
1535 3457 1677 3496 retro

614 3536 732 3574 cnm
756 3521 861 3570 suis
886 3521 950 3570 ad
975 3521 1169 3570 Istrum
1194 3522 1435 3584 rediisse3
1485 3522 1549 3571 ad
1583 3537 1673 3572 cu·

603 3597 693 3658 jus
714 3594 938 3645 fluminis
952 3597 1116 3660 ripam
1141 3597 1441 3645 ulteriorem
1460 3594 1672 3646 Bastar·

612 3684 793 3720 narum
838 3670 1011 3721 sedes.
1076 3671 1275 3721 Obstat
1310 3680 1366 3720 st
1402 3671 1672 3734 Hispania

610 3757 821 3805 nomen,
859 3745 999 3810 quod
1042 3745 1363 3796 vocabulum.
1390 3760 1510 3796 cnm
1548 3761 1672 3796 con·

609 3826 813 3870 stanter
834 3828 891 3872 et
920 3818 1051 3870 editi
1072 3826 1127 3869 et
1157 3821 1342 3884 scripti
1362 3829 1595 3886 servent,
1617 3823 1671 3872 in

610 3895 845 3945 Poeoniae
916 3894 1317 3959 appellationem
1386 3896 1670 3948 transferre

610 3971 735 4020 mibi
768 3969 975 4036 quidem
1008 3971 1187 4034 religio
1216 3979 1317 4022 est.
1381 3973 1668 4023 Tentabam

608 4061 734 4118 num
756 4049 809 4096 in
830 4047 1087 4110 Hispania
1111 4059 1402 4112 congruens
1426 4049 1551 4114 quid
1574 4065 1671 4114 per

608 4119 761 4171 bo'sce
782 4137 945 4172 annos
962 4123 1277 4173 accidisset:
1312 4138 1409 4174 nec
1432 4138 1555 4175 vere
1577 4125 1670 4175 de-

608 4203 724 4244 erat
774 4199 1039 4260 Metellus,
1092 4197 1143 4246 in
1194 4212 1347 4262 quem
1390 4200 1672 4250 convenire

610 4279 805 4334 posset,
830 4273 966 4336 quod
1001 4273 1083 4323 bic
1120 4273 1195 4322 ait
1218 4273 1434 4340 Noster,
1454 4279 1467 4304 ⁸
1486 4275 1670 4327 lenita·

1765 875 1870 919 tem
1895 868 2159 934 pretoris,
2197 882 2298 933 qna
2333 867 2445 917 sine
2481 864 2731 927 sanguine
2751 862 2832 913 fe·

1765 944 2080 995 rocissimam
2125 950 2338 1007 gentem
2379 940 2672 997 domuerat,
2711 952 2830 1000 gra-

1765 1019 1890 1069 tiam
1917 1018 2058 1084 plebi
2084 1016 2438 1081 Patribusqne
2462 1012 2660 1063 fuisse-⁹
2709 1012 2830 1062 Mc-

1763 1096 1918 1146 tellus
1940 1110 2064 1146 sane
2101 1094 2239 1160 apud
2278 1094 2509 1156 Florum,
2527 1106 2648 1143 cnm
2683 1092 2828 1142 Con·

1763 1172 1988 1223 trebiam
2027 1169 2348 1221 memorabili
2383 1170 2616 1233 cepisset
2649 1182 2830 1218 ear--

1763 1247 1872 1311 plo,
1887 1247 2228 1315 ‘Nertobriga
2250 1244 2620 1312 majoriggloria
2639 1259 2828 1313 peper-

1762 1322 1872 1373 cit:
1927 1330 2039 1379 aut,
2076 1330 2138 1371 nt
2169 1322 2413 1370 Valerius
2445 1320 2710 1369 Maximus
2750 1320 2828 1368 ait

1762 1397 1854 1447 lib.
1877 1410 1932 1449 v,
1956 1412 2074 1462 cap.
2109 1400 2159 1447 1.
2195 1410 2313 1447 cum
2335 1396 2518 1447 urbem
2549 1394 2829 1446 Centobri-

1765 1486 1878 1523 σιω
1901 1474 2186 1531 obsideret,
2203 1480 2257 1523 et
2271 1473 2384 1537 jam
2401 1470 2613 1522 admota
2631 1471 2828 1522 machi-

1763 1562 1832 1599 na
1871 1557 2074 1613 partem
2113 1548 2266 1610 muri,
2299 1562 2417 1613 quse
2459 1547 2572 1600 sola
2603 1546 2828 1597 convelli

1763 1634 1993 1692 poterat,
2015 1626 2327 1691 disiecturus
2345 1624 2632 1689 videretur,
2645 1624 2831 1673 buma-

1763 1704 1984 1754 nitatem
1999 1696 2306 1767 propinqum
2324 1702 2558 1751 victoriae
2575 1700 2832 1764 pratulit.

1763 1772 1901 1829 N'am
1937 1788 2056 1829 cum
2092 1774 2408 1841 Rethogeuis
2443 1775 2578 1827 filios
2609 1775 2726 1843 (qui
2755 1776 2826 1826 ad

1760 1869 1880 1905 oum
1915 1856 2218 1917 transierat)
2239 1854 2676 1906 Centobricenses
2717 1869 2830 1904 ma·

1759 1934 1926 1985 cbinn
1951 1934 2140 1985 ictibus
2171 1932 2520 1998 objecissentz
2569 1945 2637 1981 ne
2661 1996 2667 2003 ·
2675 1932 2830 1994 pueri

1761 2010 1815 2060 in
1857 2018 2143 2074 conspectu
2187 2009 2351 2074 patris
2389 2005 2590 2057 crudeli
2633 2020 2827 2071 genere

1761 2087 1940 2135 mortis
1966 2092 2391 2136 consumerentur
2410 2074 2728 2149 (quanquam‘
2741 2082 2830 2147 ip·

1761 2177 1818 2213 se
1843 2162 2182 2225 Rethossenes
2217 2160 2449 2225 negabat
2472 2174 2586 2211 esse
2609 2160 2831 2223 impedi-

1761 2246 1938 2288 mento
1977 2240 2248 2301 quominus
2279 2238 2434 2287 etiam
2475 2250 2572 2300 per
2605 2234 2826 2286 exitium

1761 2314 2028 2379 sanguinis
2049 2314 2130 2363 sni
2149 2313 2586 2377 expugnationem
2607 2325 2829 2377 perage·

1761 2389 1871 2453 ret)
1928 2390 1995 2439 ab
2053 2388 2323 2438 obsidione
2379 2386 2640 2437 discessit.
2705 2386 2828 2438 Quo

1761 2465 1970 2530 quidem
1993 2473 2096 2517 tatu
2122 2464 2369 2515 clementi
2397 2460 2560 2522 facto.
2583 2458 2683 2514 etsi
2721 2478 2828 2514 non

1761 2544 1911 2592 unius
1928 2541 2160 2592 civitatis
2177 2533 2386 2605 moenia,
2407 2543 2632 2592 omnium
2647 2549 2826 2594 tamen

1761 2615 2146 2668 Celtiberarum
2183 2618 2386 2668 urbium
2421 2618 2620 2667 animos
2639 2618 2824 2682 cepit:

1759 2689 2038 2758 effecitque
2073 2700 2132 2744 nt
2175 2693 2240 2742 ad
2285 2693 2596 2758 redigendas
2636 2705 2730 2742 veus
2769 2694 2826 2756 in

1759 2765 2006 2816 ditionem
2047 2767 2221 2831 populi
2257 2767 2476 2817 Romani
2513 2782 2617 2818 non
2647 2769 2824 2817 multis

1759 2839 1854 2890 sibi
1877 2837 2230 2891 obsidionibus
2253 2856 2386 2906 opus
2409 2850 2566 2892 esset.
2621 2843 2747 2892 Erat
2763 2851 2828 2893 et

1757 2917 1814 2967 in
1850 2918 2094 2981 Appiano
2129 2911 2344 2968 Fulvius
2381 2918 2625 2970 Nobilior
2654 2932 2689 2968 a
2716 2933 2824 2983 qno

1758 2993 1924 3042 Carus
1947 2992 2259 3058 Segedenais
2295 2994 2680 3045 Celtiberorum
2711 2993 2822 3044 dux

1757 3071 1928 3134 primo
1947 3071 2137 3134 victor,
2158 3070 2280 3122 dein
2303 3071 2428 3121 dum
2459 3072 2718 3121 Romanos
2737 3069 2821 3119 su·

1756 3143 1959 3207 gientes
1991 3143 2156 3196 effuse
2179 3147 2490 3212 insequitur,
2511 3161 2677 3197 cassus
2697 3145 2820 3195 suit.

1755 3219 1864 3268 Sed
1905 3220 2022 3270 hec
2046 3220 2098 3270 in
2123 3223 2394 3272 consulatu
2421 3223 2492 3275 0.
2515 3222 2731 3288 Opimii,
2755 3221 2820 3271 L.

1758 3292 2014 3345 Postumii
2046 3295 2238 3358 Albini,
2260 3299 2558 3363 annumque
2589 3298 2728 3347 urbis
2745 3298 2820 3348 in-

1757 3369 1938 3420 cidunt
1955 3375 2070 3422 ⁶99.
2080 3372 2282 3422 Caecilii
2293 3380 2468 3424 autem
2479 3374 2688 3424 Metelli
2699 3387 2818 3438 pro-

1757 3445 1984 3494 consulis
2011 3461 2090 3495 res
2115 3447 2306 3496 abhinc
2331 3447 2635 3498 remotiores
2651 3449 2702 3497 ln
2725 3463 2818 3497 an·

1757 3535 1878 3570 ntum
1914 3525 2036 3571 olz-
2062 3523 2271 3579 abeunt,
2312 3524 2401 3589 qui
2433 3539 2598 3573 annus
2633 3525 2698 3574 ab
2719 3525 2816 3576 boc

1753 3597 2020 3646 consulatu
2043 3599 2338 3660 trigesimus
2367 3609 2468 3648 est.
2537 3599 2720 3649 Potior
2739 3599 2818 3658 idq

1753 3671 1896 3720 circo
1933 3673 2041 3721 visa
2071 3673 2376 3736 conjectura
2399 3674 2673 3739 Gronosii,
2695 3690 2816 3740 qum

1752 3752 1806 3794 et
1829 3746 1987 3796 salvis
2019 3747 2477 3813 locibominisque
2513 3745 2818 3814 appellatio-

1751 3819 1904 3870 nibus
1943 3823 2242 3886 consistere,
2281 3831 2338 3874 et
2375 3825 2420 3874 si
2461 3826 2588 3890 quid
2629 3833 2817 3876 contra

1751 3905 2072 3962 opponatur,
2108 3897 2304 3948 idoneis
2351 3898 2602 3950 adversus
2637 3914 2703 3950 ea
2735 3915 2816 3950 re·

1751 3973 1953 4037 sponsis
1977 3975 2141 4025 astrui
2165 3982 2362 4039 potest.
2397 3977 2535 4027 Nam
2557 3991 2658 4027 nee
2675 3991 2818 4042 mag-

1751 4048 1802 4096 ni
1825 4049 2074 4098 momenti
2096 4050 2265 4100 videri
2285 4050 2448 4100 debet
2475 4053 2704 4103 consulis
2725 4067 2820 4103 no·

1750 4125 1890 4185 men,
1935 4139 2037 4188 quo
2081 4125 2246 4175 utitur
2293 4125 2496 4177 Florus.
2577 4128 2816 4178 Consulis

1751 4199 1889 4249 enim
1941 4207 1997 4251 et
2043 4200 2280 4264 praetoris
2317 4203 2527 4252 nomina
2576 4214 2816 4256 auctores

1751 4276 2048 4347 prorniscue
2071 4286 2359 4344 usurpant:
2381 4279 2520 4346 qnod
2541 4280 2658 4332 bec
2675 4291 2820 4346 utra·⁵
