3177 4950
1107 466 1252 514 ms.
1301 454 1489 516 va.
1530 468 1694 521 cn.
1737 454 1846 521 10.
2403 450 2580 524 3757

470 606 578 673 10.
622 604 947 673 Victoriae
980 606 1307 675 Roman'ae
1346 610 1529 676 fama
1573 632 1724 677 cum
1753 612 2184 696 'pervasisset
2213 614 2278 678 in
2309 612 2576 694 Asiam,

386 706 714 788 Antenor,
740 710 1039 794 qui-cnm
1076 710 1298 775 classe
1332 712 1696 777 lemborum
1723 714 1811 778 ad
1834 712 2108 778 Phanas
2133 716 2386 794 stabat,
2408 716 2579 781 Cas-⁶·

386 812 723 877 sandi-iam
753 812 909 876 inde
942 812 1225 896 trajecit.
1314 812 1393 876 C.
1441 811 1802 898 Popillius,
1835 816 1954 899 qui
2003 818 2090 880 ad
2126 818 2373 882 Delam
2403 840 2580 903 prae-

384 912 561 977 sidio
590 915 877 979 navibus
925 912 1392 978 Macedoniam
1432 920 1812 999 petentibus
1861 925 2023 995 erat,
2065 928 2422 1002 postquam
2459 922 2580 987 de·-

382 1013 705 1077 bellatum
741 1014 809 1077 in
846 1014 1273 1090 Macedonia,
1307 1023 1373 1079 et
1401 1018 1696 1081 statione
1716 1026 2082 1083 summotos
2103 1020 2393 1085 hostium
2415 1024 2580 1087 lem-

382 1116 508 1179 bos
536 1116 820 1192 audivit,
853 1116 1153 1180 dimissis
1186 1126 1251 1181 et
1280 1118 1299 1180 i
1308 1136 1429 1200 pse
1457 1116 1707 1182 Atticis
1729 1120 2040 1198 navibus,
2068 1121 2152 1184 ad
2184 1133 2576 1207 susceptam

380 1216 781 1299 legationem
806 1217 1241 1299 peragendam
1264 1218 1577 1299 navigare
1601 1219 1971 1302 AEgyptum
1993 1224 2245 1304 pergin
2291 1229 2364 1287 ut
2394 1226 2590 1307 priusk

382 1337 731 1383 occurrere
776 1318 1103 1381 Antiocho
1143 1320 1393 1400 posset,
1438 1340 1642 1403 quam
1697 1320 1784 1385 ad
1842 1321 2278 1388 Alexandriae
2322 1325 2580 1390 moenia

382 1420 757 1485 accederet.
802 1416 972 1483 Cum
1002 1422 1634 1501 praeterveherentur
1659 1420 1898 1487 Asiam
1930 1423 2159 1506 legati,
2187 1434 2258 1490 et
2286 1425 2579 1510 Loryma

384 1520 735 1597 venissent,
764 1522 881 1603 qui
907 1526 1141 1603 portus
1170 1522 1401 1603 viginti
1431 1521 1636 1604 paulo
1666 1524 1956 1605 amplius
1986 1526 2198 1590 millia
2217 1528 2306 1590 ab
2328 1510 2604 1593 Rhodo'

383 1622 606 1699 abest,
639 1640 727 1684 ex
759 1621 1043 1686 adverso
1073 1622 1220 1687 urbi
1260 1623 1390 1706 ipsi
1424 1622 1734 1706 positus3
1779 1625 2120 1710 principes
2153 1626 2576 1693 Rhodiorum

353 1776 358 1781 .
384 1730 739 1787 occurrunt
764 1722 933 1808 (jam
964 1724 1139 1787 enim
1171 1744 1255 1788 eo
1288 1744 1549 1809 quoque
1578 1726 1884 1792 victoriae
1911 1727 2094 1793 fama
2121 1729 2382 1811 perlata
2405 1727 2580 1815 erat)

383 1832 683 1900 orantes,
712 1828 733 1857 ‘
762 1830 839 1888 ut
868 1822 1187 1888 Rhodum
1229 1824 1792 1893 deveherentnr.²⁰
1879 1826 2221 1893 Pertinere
2263 1830 2330 1897 id
2362 1832 2448 1913 ad
2481 1833 2578 1897 fa-

382 1944 559 1989 mam
588 1926 1007 2009 salutemque
1036 1926 1359 2003 civitatis,
1387 1946 1666 1990 noscere
1713 1928 1908 2011 ipsos
1954 1931 2197 2008 omnia,
2239 1951 2394 2014 quae
2422 1939 2579 1997 acta

384 2034 609 2092 essent
638 2034 1117 2109 agerenturque
1147 2025 1395 2103 Rhodi,
1417 2033 1484 2092 et
1512 2036 1852 2112 comperta
1875 2050 1993 2113 per
2015 2050 2114 2104 se,
2143 2052 2278 2106 non
2308 2032 2578 2115 vulgata

382 2127 589 2204 fama,
608 2126 899 2192 Romam
924 2128 1209 2193 referre!
1250 2128 1389 2193 Diu
1414 2136 1728 2212 negantes
1749 2132 2200 2215 perpulerunt,
2229 2138 2301 2197 ut
2323 2152 2580 2199 moram

382 2230 831 2312 navigationis
845 2231 1109 2294 brevem
1132 2250 1253 2313 pro
1270 2230 1487 2295 salute
1508 2234 1716 2297 sociae
1739 2232 1924 2296 urhis
1942 2242 2350 2316 paterentur.
2385 2235 2578 2301 Post-

382 2338 589 2414 quam
619 2330 941 2413 Rhodum
961 2338 1227 2397 ventum
1256 2340 1389 2407 est,
1404 2332 1479 2397 in
1508 2334 1900 2398 concionem
1921 2352 2196 2417 quoque
2217 2354 2342 2400 eos
2369 2336 2578 2403 iidem

383 2432 693 2516 precibus
720 2439 1200 2519 pertraxerunt.
1289 2432 1646 2498 Adventus
1689 2433 2062 2518 legatorum
2109 2436 2304 2510 auxit
2349 2438 2580 2522 potius

384 2535 683 2598 timorem
717 2535 993 2612 civitati,
1023 2555 1223 2619 quam
1249 2535 1526 2621 minuit:
1570 2536 1796 2600 omnia
1821 2539 1998 2600 enim
2032 2535 2398 2620 Popillius,
2421 2559 2576 2623 quae

384 2633 629 2716 singuli
660 2635 1083 2719 universique
1108 2654 1191 2699 eo
1222 2636 1401 2700 bello
1429 2621 1765 2700 hostiliter
1791 2635 2100 2702 dixerant
2124 2637 2578 2723 fecerantque,

382 2735 657 2801 retulit:
700 2745 771 2800 et
815 2738 913 2800 vir
957 2755 1159 2819 asper
1202 2737 1489 2819 ingenio
1518 2739 1813 2819 augebat
1856 2737 2268 2804 atrocitatem
2322 2759 2580 2820 corum,

384 2833 539 2921 'quae
584 2836 975 2915 dicerentur,
1024 2838 1209 2903 vultu
1255 2838 1427 2904 truci
1468 2844 1533 2903 et
1576 2841 2001 2904 accusatoria
2043 2858 2247 2918 voce;
2291 2849 2384 2914 ut,
2425 2860 2581 2904 cum

385 2929 677 3024 propriae
708 2939 1066 3004 simultatis
1095 2938 1277 3002 nulla
1308 2957 1519 3004 causa
1547 2957 1698 3004 cum
1731 2939 2004 3004 civitate
2035 2948 2233 3018 esset,
2266 2941 2352 3006 e'x
2380 2939 2582 3004 unius

385 3041 715 3106 senatoris
739 3040 1031 3106 Romani
1064 3040 1455 3120 acerbitate,
1485 3039 1710 3123 qualis
1729 3047 1748 3078 ¹
1781 3039 1849 3104 in
1875 3059 1950 3106 se
1977 3042 2274 3105 universi
2297 3047 2580 3105 senatus

386 3139 649 3205 animus
695 3149 897 3219 esset,
928 3140 1397 3225 conjectarent.
1484 3139 1567 3206 G.
1603 3141 1894 3205 Decimii
1933 3139 2335 3207 moderatior
2364 3135 2582 3207 oratio

385 3239 539 3318 fnit,
570 3241 709 3324 qui,
742 3245 763 3276 ‘
793 3243 863 3305 in
894 3241 1232 3324 plerisque
1261 3261 1514 3320 eorum,
1541 3261 1696 3324 qnae
1728 3252 2246 3307 commemorata
2271 3261 2315 3308 a
2347 3242 2582 3328 Popil-

384 3335 482 3408 li'o
532 3350 777 3417 essent,
807 3340 1074 3425 culpam
1120 3362 1254 3406 non
1299 3363 1505 3428 penes
1549 3340 1900 3427 populum,
1930 3343 2046 3408 sed
2086 3363 2284 3428 penes
2317 3363 2582 3428 paucos

380 3427 757 3509 concitores
780 3449 807 3478 ²
836 3441 1017 3524 vulgi
1050 3441 1249 3520 esse,'
1279 3443 1472 3509 dixit.
1522 3491 1529 3498 .
1560 3449 1580 3478 ‘
1611 3445 1782 3520 Eos,
1805 3444 2112 3511 venalem
2137 3445 2436 3524 linguam
2465 3445 2591 3518 lia-2
2665 3494 2668 3498 -

385 3547 637 3620 bernes,
670 3542 936 3609 decreta
963 3543 1163 3627 plena
1191 3545 1390 3626 regiae
1430 3545 1902 3609 assentationis
1945 3544 2218 3624 fecisse,
2250 3545 2315 3610 et
2344 3562 2462 3611 eas
2491 3547 2584 3612 le·

389 3647 703 3730 gationes
734 3647 1026 3724 misisse,
1065 3663 1345 3729 quarum
1388 3643 1701 3711 Rhodios
1743 3661 2006 3731 semper
2042 3665 2173 3711 non
2204 3647 2423 3713 minus
2457 3667 2580 3732 pu-

1303 3823 1481 3844 “0000
1486 3821 1638 3844 Μ,

380 3937 581 3987 -Triller
602 3935 763 3984 obss.
784 3934 917 3986 Crit.
936 3945 1023 3982 ιιι.
1043 3937 1093 3981 8.
1127 3933 1231 3982 Sed
1254 3933 1545 3997 potiusssleoe.
1566 3945 1684 3981 cum
1703 3929 1865 3980 Groui
1888 3931 2112 3981 laeam·
2129 3931 2329 3989 viribus,
2351 3939 2442 3982 aut
2467 3947 2584 3984 cum

389 4003 601 4052 Bauero
622 4002 887 4050 locantes
904 3998 1111 4056 viritim,
1144 4006 1233 4046 ant
1268 3997 1439 4060 potius
1475 4009 1596 4046 cum
1623 3997 1802 4046 Burni.
1822 3995 1888 4044 ad
1911 3993 2070 4044 ovid.
2091 3997 2226 4046 Met.
2250 4011 2290 4046 ι.
2313 3999 2428 4046 026.
2463 3999 2588 4047 lace·

389 4071 551 4116 rantes
568 4063 767 4118 vicibus,
788 4062 823 4111 i.
846 4077 895 4109 e.
918 4075 1012 4124 per
1035 4061 1209 4110 vices.'
1242 4061 1445 4123 Rupes-t.

454 4134 520 4180 2⁰
558 4129 925 4178 Decerterentnr
949 4126 1095 4174 malit
1124 4125 1355 4174 nuh—1
1394 4126 1410 4153 ⁶
1436 4123 1567 4174 Hac
1591 4123 1754 4172 multo
1776 4119 1950 4175 forent
1969 4123 2214 4190 clariora,
2228 4122 2270 4169 si
2293 4122 2369 4172 sic
2392 4121 2588 4172 scribe·

392 4203 593 4251 rentur,
605 4197 657 4242 ut
680 4205 743 4241 ex
762 4190 905 4241 min
922 4189 1159 4239 materis
1178 4187 1400 4253 Ronasri,
1415 4187 1491 4237 eui
1508 4187 1716 4251 propria
1735 4183 1994 4236 ciuitatis
2013 4202 2062 4236 s.
2079 4202 2122 4236 e.
2136 4203 2178 4236 c.
2191 4201 2235 4236 c.
2250 4191 2389 4250 eust,
2403 4188 2586 4238 acerbi-

388 4261 511 4318 me,
530 4257 683 4320 quali·
698 4254 807 4304 αι’
838 4253 1005 4306 Gran.
1067 4255 1087 4282 ⁴
1110 4252 1367 4316 Equidem
1404 4252 1449 4302 si
1492 4259 1610 4314 pont
1635 4251 1846 4316 propria
1872 4265 2047 4322 vocem
2070 4251 2136 4314 ei,
2159 4249 2455 4312 absorptam
2479 4251 2588 4302 for-

386 4330 533 4376 *nse
566 4335 599 4372 a
630 4317 857 4385 praeced.
882 4331 939 4370 ιι·
960 4316 1252 4380 inserueris,
1288 4317 1439 4367 clara·
1457 4315 1632 4368 omnia
1663 4329 1778 4366 esse
1799 4313 1962 4379 puto-⁸
1996 4315 2328 4382 Durine-2
2363 4316 2590 4366 Concita-
