3177 4950
656 418 833 485 3⁷50
1588 434 1661 481 τ.
1709 430 1902 481 mvn

658 578 793 645 Sed
842 582 1221 662 postquam,
1267 581 1288 613 ‘
1309 575 1561 663 Regem
1609 576 1864 641 Persea
1913 572 2178 639 consuli
2223 573 2466 641 Paullo
2513 572 2864 649 salutem}

658 680 857 763 legit3
910 680 1403 743 miserationem
1452 696 1708 741 omnem
1757 673 2052 740 stultitia
2105 674 2468 756 ignorantis
2515 675 2870 739 fortunam

660 800 851 845 suam
880 782 1147 845 exemit.
1237 778 1483 862 Itaque
1511 796 1902 861 quanquam
1921 776 1992 839 in
2011 775 2267 859 reliqua
2295 780 2482 858 parte
2507 772 2874 840 literarum

658 882 929 946 minime
984 882 1177 962 reg-ioe
1220 898 1461 964 preces
1510 886 1718 954 erant,
1762 888 1982 943 tamen
2025 878 2172 941 sine
2218 895 2544 959 responso
2589 896 2678 941 ac
2713 879 2876 941 sine

658 980 865 1045 literis
892 1000 979 1045 ea
1004 981 1253 1063 legatio
1284 980 1567 1045 dimissa
1595 986 1717 1044 est.
1805 976 2032 1043 Sensit
2061 976 2379 1054 Perseus,
2409 979 2610 1060 cnjus
2635 980 2874 1042 nomi-

660 1082 769 1147 nis
812 1082 1347 1146 obliviscendum
1398 1080 1581 1145 victo
1621 1085 1838 1144 esset:
1881 1078 2116 1160 itaque
2157 1078 2386 1144 alterae
2426 1078 2662 1155 literae,
2699 1098 2874 1143 cum

660 1184 909 1267 privati
937 1184 1219 1249 nominis
1248 1184 1439 1248 titulo
1480 1182 1734 1257 missae,
1769 1190 1840 1244 et
1881 1178 2158 1263 petiere,
2193 1185 2262 1244 et
2287 1180 2766 1262 impetravere,
2791 1186 2876 1245 ut

660 1286 871 1369 aliqui
920 1286 1005 1350 ad
1054 1304 1205 1351 enm
1250 1285 1681 1361 mitterentur,
1727 1300 1880 1347 cum
1921 1282 2174 1364 quibus
2217 1281 2404 1363 loqui
2449 1281 2534 1345 de
2569 1288 2771 1347 statu
2801 1286 2874 1345 et

661 1386 1045 1452 conditione
1072 1404 1219 1449 suae
1247 1384 1537 1449 fortunae
1567 1388 1834 1466 posset·
1935 1380 2139 1445 Missi
2169 1386 2322 1445 sunt
2349 1386 2486 1446 tres
2510 1382 2750 1463 legati,
2779 1382 2873 1447 P.

664 1488 1011 1565 Lentulus,
1057 1488 1143 1551 A.
1196 1486 1577 1551 Postumius
1620 1482 1930 1563 Albinus,
1973 1484 2062 1547 A.
2105 1481 2463 1547 Antonius.
2551 1484 2756 1549 Nihil
2785 1504 2876 1549 ea

660 1588 988 1671 legatione
1043 1588 1411 1673 perfectum
1460 1592 1592 1665 est,
1647 1586 1904 1651 Perseo
1949 1586 2204 1667 regium
2255 1604 2502 1649 nomen
2551 1588 2746 1650 omni
2797 1586 2870 1649 vi

664 1689 1138 1772 amplectente,
1180 1680 1438 1767 Paullo',
1480 1697 1557 1752 ut
1601 1707 1676 1752 se
1719 1704 1984 1769 suaque
2021 1688 2250 1752 omnia
2279 1688 2348 1751 in
2379 1686 2584 1751 fidem
2625 1697 2700 1753 et
2725 1688 2872 1752 cle·

662 1790 975 1855 mentiam
1000 1790 1236 1874 populi
1266 1789 1559 1853 Romani
1576 1782 2026 1872 permitteret,
2057 1786 2520 1853 contendente.

747 1894 813 1957 5.
832 1892 1015 1957 Dum
1035 1893 1181 1957 haec
1204 1897 1510 1974 aguntur,
1532 1890 1784 1955 classis
1797 1886 1918 1954 Cn.
1933 1888 2202 1953 Octavii
2221 1887 2732 1954 Samothracam
2751 1899 2868 1955 est

662 1992 974 2076 appulsa.
1064 1992 1137 2057 Is
1168 2012 1463 2087 qnoque,
1482 1992 1791 2075 praesenti
1820 1990 2090 2055 admoto
2119 1996 2391 2068 terrore,
2412 1990 2611 2055 modo
2630 1993 2867 2069 minis,

662 2093 869 2157 modo
898 2113 1022 2177 spe
1054 2092 1390 2177 pellicere,
1422 2100 1497 2159 ut
1522 2113 1598 2159 se
1626 2092 1938 2170 traderet,
1967 2110 2120 2157 cum
2153 2099 2544 2171 conaretur3
2591 2092 2866 2176 adjuvit

661 2193 732 2257 in
762 2194 889 2257 hoc
910 2212 1062 2257 enm
1092 2212 1221 2271 res,
1250 2214 1371 2258 seu
1404 2184 1577 2259 casu*
1599 2200 1958 2270 contracta,
1989 2212 2108 2258 seu
2135 2193 2446 2259 consilio.
2493 2193 2575 2259 1..
2602 2194 2868 2259 Atilius

662 2294 948 2359 illustris
978 2293 1399 2373 adolescens,
1428 2313 1582 2359 cnm
1628 2295 1694 2358 in
1726 2296 2047 2359 concione
2079 2312 2236 2359 esse
2269 2295 2585 2379 populum
2615 2295 2870 2361 Samo-

662 2396 959 2461 thracum
992 2396 1282 2460 animum
1312 2396 1735 2473 advertisset,
1765 2415 1808 2459 a
1832 2396 2336 2478 magistratibus
2361 2397 2579 2480 petiit,
2609 2404 2690 2459 ut
2733 2398 2868 2461 sibi

664 2499 903 2580 paucis
944 2498 1329 2582 alloquendi
1374 2499 1606 2582 populi
1652 2502 2054 2582 potestatem
2084 2498 2400 2562 facerent.
2491 2497 2868 2576 Pei-misso,

664 2601 686 2632 ‘
720 2597 957 2663 Utrum
1017 2617 1165 2674 nos,
1214 2599 1522 2682 hospites
1574 2597 2066 2674 Samothraces,
2117 2615 2275 2662 vere
2323 2601 2734 2682 accepimnS,
2777 2618 2868 2663 an

663 2698 861 2776 falso,
888 2718 1147 2764 sacram
1168 2697 1342 2764 hanc
1375 2700 1685 2776 insulam,
1707 2704 1775 2763 et
1802 2700 2068 2782 augusti
2089 2704 2296 2764 totam
2319 2704 2524 2783 atque
2551 2699 2868 2764 inviolati

640 2797 793 2870 ,soli
840 2798 1069 2862 essel’
1159 2800 1328 2864 Cum
1374 2800 1650 2866 creditae
1683 2799 2022 2864 sanctitati
2064 2801 2550 2865 assentirentur
2599 2819 2865 2878 omnes,

664 2904 685 2934 ‘
712 2895 849 2963 Cur
878 2896 1124 2981 igitur,'
1168 2901 1403 2985 inquit,
1448 2905 1470 2936 ‘
1490 2901 1816 2984 pollutam
1842 2907 1862 2938 ¹
1908 2899 2248 2965 homicida
2265 2909 2294 2949 Ρ
2326 2901 2654 2983 sanguine
2683 2903 2870 2984 regis

666 2998 983 3065 Eumenis
1018 3000 1340 3068 violavit?
1385 3010 1477 3079 et,
1508 3021 1656 3066 cum
1690 3000 1906 3064 omnis
1947 2999 2255 3084 praefatio
2284 3021 2625 3067 sacrorum
2647 3010 2674 3049 ‘¹
2717 3021 2864 3076 eos,

667 3102 911 3185 quibus
942 3120 1073 3166 non
1106 3103 1237 3167 sint
1264 3121 1449 3186 purae
1497 3120 1760 3179 manus,
1809 3101 2025 3166 sacris
2062 3108 2304 3178 arceat,
2333 3120 2460 3165 vos
2491 3103 2870 3184 penetralia

665 3209 891 3266 vestra
920 3205 1364 3268 contaminari
1394 3210 1671 3268 cruento
1699 3203 1973 3267 latronis
2002 3221 2288 3286 corpore
2317 3203 2556 3268 sinetis
2571 3202 2628 3264 'i’
2720 3203 2866 3268 No-

664 3301 823 3366 bilis
871 3301 1052 3368 fama
1102 3309 1267 3380 erat,
1308 3302 1497 3386 'apud
1540 3323 1774 3368 omnes
1818 3302 2109 3369 Graeciae
2155 3304 2488 3380 civitates,
2541 3303 2866 3368 Eumenis

665 3402 839 3486 regis
866 3421 980 3487 per
1010 3403 1395 3468 Evandrum
1416 3402 1708 3487 Delphis
1737 3423 1946 3487 prope
1976 3409 2362 3488 perpetrata
2384 3405 2662 3470 caedes.⁸
2721 3405 2862 3471 Ita·

1586 3569 1674 3590 000
1678 3569 1765 3589 m
1771 3567 1914 3588 ‘mo
1919 3570 1950 3589 θ

728 3675 755 3720 1
782 3670 940 3732 ‘Legi
982 3671 1187 3722 omnino
1211 3673 1366 3737 jubet
1388 3673 1551 3724 Gron.
1576 3673 1863 3735 Crevier-io,
1901 3673 2064 3722 Drak.
2090 3679 2142 3724 et
2164 3675 2274 3723 alii·
2309 3673 2733 3738 assentientibus,
2761 3679 2862 3740 pol-—

666 3738 811 3786 latu.
859 3735 912 3784 Si
938 3735 1115 3784 Livius
1140 3738 1430 3798 scripsisset
1450 3737 1673 3800 polluam,
1690 3738 1827 3788 hand
1851 3737 2005 3787 dubie
2027 3737 2094 3787 ad
2119 3740 2316 3788 dolavit
2338 3739 2643 3802 adjecturus
2671 3739 2864 3790 fuisset

667 3798 801 3850 καί
834 3799 1191 3863 Doering.-2
1223 3801 1374 3865 Θου).
1412 3802 1606 3851 Bauer.
1637 3805 1924 3866 perpetrate
1941 3804 2105 3864 codis,
2141 3804 2223 3854 vel
2250 3811 2576 3868 perpetrem
2605 3807 2864 3854 eden-—

1661 3948 1877 3999 NOTAE

730 4049 759 4085 Ρ
792 4042 1032 4092 Peltatam
1052 4041 1311 4106 homicida]
1348 4045 1530 4094 Potior
1558 4046 1724 4096 Gron.
1867 4052 1894 4088 «Ι
1929 4043 2100 4093 Omnis
2117 4045 2343 4107 prefatio
2361 4041 2627 4106 sacrm]
2657 4041 2864 4094 Intelli-

668 4119 827 4168 lectio
847 4120 1089 4182 pountnoe:
1126 4119 1349 4184 alioquin
1381 4122 1610 4183 penatum
1647 4135 1726 4169 re·
1807 4119 1884 4182 git
1933 4119 2165 4168 solennia
2204 4119 2396 4169 verba:
2453 4119 2682 4170 ‘Procul
2723 4119 2863 4185 hine,

668 4189 810 4240 feras
835 4193 897 4242 ad
920 4195 1123 4243 insulan
1140 4211 1161 4252 ,-
1193 4204 1250 4244 nt
1273 4194 1480 4245 dicatur
1496 4196 1728 4260 pollutam
1809 4195 1988 4259 procul
2011 4202 2125 4245 ente
2148 4192 2388 4258 profani?

670 4266 882 4322 uiolauit.
904 4283 1000 4334 pro
1025 4270 1302 4333 polluendo
1324 4273 1550 4322 violavit.
