3177 4950
1127 447 1268 495 ms.
1317 445 1446 494 xe.
1495 449 1660 496 cm».
1706 435 1813 498 15.
2386 436 2561 502 3403

369 585 780 651 retinendam
801 583 1070 665 legatus
1101 587 1348 651 missus
1373 605 1544 652 sum.
1636 587 1901 654 Neutra
1936 607 2041 651 res
2070 587 2231 652 mibi
2260 605 2387 652 nec
2416 590 2562 671 glo-

371 691 516 764 riae,
539 705 658 752 nec
687 686 946 751 crimini
973 688 1126 752 sie.-
1154 688 1320 770 Ego,
1349 687 1591 772 siquid
1621 690 1827 768 impie
1856 691 1923 754 in
1956 695 2044 766 te,
2072 697 2281 772 pater,
2308 691 2369 754 si
2392 693 2560 773 quid

373 789 694 854 scelerate
737 788 806 852 in
853 787 1126 854 fratrem
1171 790 1432 868 admisi,
1467 791 1719 854 nnllam
1752 791 2075 874 deprecor
2101 799 2391 874 poenam.
2482 792 2561 858 Si

371 891 690 954 innocens
713 908 886 966 sum,
917 909 1003 955 ne
1034 890 1286 956 invidia
1315 892 1737 974 conflagrem,
1764 912 1915 957 cum
1944 895 2219 958 crimine
2246 911 2379 958 non
2400 914 2563 977 pos-

371 993 519 1070 sim,
552 992 894 1076 deprecor.
987 993 1054 1058 N
1060 1011 1147 1058 ou
1175 994 1378 1059 bodie
1400 1013 1510 1058 me
1541 996 1835 1077 primum
1852 995 2055 1076 frater
2082 1002 2389 1061 accusat:
2436 999 2561 1064 sed

370 1095 578 1160 hodie
631 1095 920 1177 primum
973 1105 1231 1179 aperte,
1275 1097 1460 1162 nuno
1505 1117 1655 1162 meo
1698 1100 1769 1161 in
1814 1117 1889 1162 se
1929 1099 2193 1162 merito.
2282 1098 2359 1162 Si
2402 1101 2563 1166 mibi

372 1207 564 1280 pater
593 1205 1042 1273 succenseret,
1069 1206 1138 1261 te
1163 1199 1483 1283 majorem
1517 1199 1775 1263 statrem
1807 1218 1930 1283 pro
1958 1198 2213 1262 minore
2238 1199 2565 1282 depreca-

371 1300 430 1362 ri
474 1298 842 1381 oportebat,
887 1303 951 1362 te
993 1297 1488 1377 adolescentia,
1533 1309 1599 1364 te
1642 1303 1843 1364 errori
1890 1300 2147 1365 veniam
2188 1302 2561 1383 impetrare.

375 1398 460 1462 In
493 1418 598 1474 eo,
629 1399 742 1462 ubi
776 1398 1160 1481 praesidium
1201 1419 1355 1464 esse
1401 1402 1773 1483 oportebat,
1814 1401 1909 1464 ibi
1952 1401 2229 1466 exitium
2258 1408 2415 1465 est.¹⁸
2506 1403 2563 1467 E

372 1501 683 1565 convivio
745 1507 818 1562 et
875 1500 1462 1565 comissationibus
1531 1521 1745 1586 prope
1819 1502 2263 1566 semisomnus
2330 1511 2565 1584 raptus

373 1621 524 1667 sum
555 1600 642 1664 ad
673 1619 946 1666 causam
977 1601 1322 1683 parricidii
1347 1602 1719 1669 dicendam.
1808 1603 1969 1668 Sine
1996 1603 2375 1679 advocatis,
2421 1595 2565 1668 sine

373 1701 703 1785 patronis,
749 1701 899 1782 ipse
945 1721 1068 1783 pro
1095 1721 1206 1766 me
1233 1701 1452 1766 dicere
1481 1721 1705 1784 cogor.
1792 1704 1867 1767 Si
1900 1723 2021 1786 pro
2052 1703 2187 1768 alio
2214 1704 2564 1770 dicendum

373 1809 580 1879 esset,
607 1808 872 1886 tempus
900 1803 988 1870 ad
1021 1803 1466 1869 meditandum
1489 1813 1510 1852 ³
1542 1813 1611 1870 et
1638 1804 2165 1886 componendam
2196 1805 2563 1870 orationem

374 1906 794 1982 sumsissem,
840 1921 990 1968 cum
1021 1904 1183 1987 quid
1219 1904 1420 1982 aliud,
1463 1923 1665 1988 quam
1710 1905 1963 1984 ingenii·
1988 1903 2190 1981 fama,
2236 1905 2565 1987 periclita-

374 2008 528 2070 rer'i
619 2006 926 2088 Ignarus,
957 2005 1124 2088 quid
1157 2007 1522 2071 arcessitus
1567 2017 1833 2081 essem,1
1878 2014 1946 2070 te
1976 2006 2217 2070 iratum
2246 2010 2315 2068 et
2333 2004 2567 2088 juben-

375 2115 506 2172 tem
553 2108 770 2172 dicere
815 2126 1113 2184 causam,
1157 2107 1430 2172 fratrem
1474 2116 1897 2173 accusantem
1942 2105 2191 2170 audivi.
2282 2105 2411 2170 Ille
2450 2107 2565 2174 diu

378 2215 533 2273 ante
565 2214 966 2291 praeparata,
1013 2209 1334 2274 meditata
1377 2211 1444 2272 in
1488 2229 1595 2272 me
1636 2210 1929 2274 oratione
1954 2216 2061 2272 est
2092 2226 2295 2274 usus:
2342 2227 2467 2290 ego
2497 2209 2565 2274 id

377 2313 622 2373 tantum
670 2310 1008 2392 temporis,
1055 2328 1192 2391 quo
1243 2317 1599 2374 accusatus
1648 2329 1821 2386 sum,
1868 2308 1953 2374 ad
1997 2308 2564 2390 cognoscendum,

379 2410 540 2495 quid
569 2393 902 2493 ageretur,
930 2410 1163 2474 habui.
1255 2410 1484 2477 Utrum
1517 2418 1851 2477 momento
1872 2409 1993 2474 illo
2014 2409 2195 2474 horae
2216 2414 2569 2472 accusato-

377 2530 514 2581 rem
553 2512 904 2577 audirem?
951 2530 1038 2576 an
1083 2512 1542 2577 defensionem
1592 2510 1995 2576 meditarer?
2086 2508 2425 2575 Attonitus
2466 2530 2567 2574 re-

375 2614 652 2695 pentino
681 2622 888 2697 atque
917 2613 1266 2697 inopinato
1295 2614 1497 2694 malo,
1528 2614 1671 2690 vix,
1700 2612 1860 2697 quid
1886 2610 2303 2696 objiceretur,
2336 2610 2563 2676 intelli-

377 2734 532 2797 gere
567 2716 788 2798 potui3
819 2714 1064 2779 nedum
1087 2716 1258 2780 satis
1287 2718 1522 2788 sciam,
1549 2736 1685 2798 quo
1716 2714 1914 2779 modo
1946 2732 2053 2778 me
2084 2718 2287 2777 tuear.
2380 2712 2561 2791 Quid

377 2817 536 2879 mihi
567 2817 712 2900 spei
743 2825 948 2891 esset,
979 2817 1112 2880 uisi
1139 2826 1394 2901 patrem
1418 2817 1725 2901 judicem
1752 2816 2055 2879 haberem
2074 2814 2104 2875 ‘i
2156 2812 2338 2895 apud
2366 2833 2565 2895 quem

379 2918 635 2981 etiamsi
681 2921 962 2983 caritate
994 2937 1038 2983 a
1066 2918 1266 2984 fratre
1309 2918 1558 3001 majore
1586 2916 1865 2990 vincorl·
1896 2913 2347 2977 misericordia
2391 2921 2567 2978 certe

377 3036 534 3081 reus
567 3020 743 3083 vinci
771 3037 904 3083 non
933 3018 1162 3083 debeo.
1239 3017 1386 3101 Ego
1407 3018 1609 3094 enim,
1634 3022 1709 3080 ut
1730 3036 1837 3079 me
1857 3013 2017 3079 mihi
2042 3014 2298 3097 tibique
2316 3032 2567 3092 servm,

377 3138 643 3201 precor:
689 3120 831 3198 ille,
877 3128 956 3183 ut
982 3139 1089 3183 me
1122 3120 1190 3184 in
1219 3120 1641 3185 securitatem
1676 3137 1863 3181 suam
1897 3106 2197 3193 occidas,
2240 3116 2563 3198 postulat.

378 3220 564 3300 Quid
607 3240 783 3298 eum,
829 3239 984 3285 cum
1029 3240 1300 3303 regnum
1345 3220 1406 3285 ei
1453 3218 1825 3289 tradideris,
1869 3217 2204 3281 facturum
2252 3217 2469 3281 credis
2499 3218 2566 3281 in

377 3312 731 3397 mesesse,
761 3321 877 3403 qui
899 3315 1045 3404 ⁸iam
1075 3340 1246 3386 nunc
1273 3322 1591 3403 sanguine
1620 3338 1767 3384 meo
1798 3320 1925 3383 sibi
1949 3306 2275 3399 indulgeri
2296 3338 2566 3403 aequum

357 3407 690 3487 c'enset'l’
710 3420 728 3457 ·“

441 3582 468 3616 Ι
505 3574 614 3629 Qua
633 3574 692 3623 de
712 3586 850 3623 cum
871 3587 1080 3623 vocarer.

444 3637 468 3668 Α
505 3637 734 3692 Qum
754 3637 906 3697 maior
924 3638 990 3687 eit
1023 3651 1156 3686 umor
1171 3642 1402 3699 paternus
1421 3638 1474 3685 in
1500 3608 1721 3688 Pes-mr}
1744 3652 1882 3701 quum
1902 3640 1953 3689 in
1976 3654 2062 3689 me.

445 3700 462 3732 ὗ
502 3698 662 3750 Vitam
683 3716 832 3751 meam
851 3703 897 3751 ei
917 3716 1000 3765 per
1019 3701 1365 3763 indulgentium
1385 3702 1611 3766 impendi.

1295 3842 1652 3866 “0000000000

380 3958 606 4009 maenti·
643 3957 858 4023 excidit,
893 3956 1186 4022 supplenda
1217 3964 1316 4017 est,
1356 3972 1404 4009 v.
1439 3974 1486 4010 c.
1521 3958 1727 4009 utendo!
1762 3959 2107 4021 Daedala—2
2141 3960 2157 3988 ‘
2180 3958 2289 4010 Aut
2322 3960 2371 4010 ia
2402 3978 2455 4012 eo
2477 3970 2567 4012 anit

380 4023 454 4070 ibi
475 4023 746 4079 redundat,
767 4030 824 4073 et
845 4037 940 4086 pro
961 4024 1012 4073 in
1031 4038 1086 4073 eo
1104 4022 1245 4073 forte
1263 4023 1364 4087 leg.
1381 4024 1543 4075 auae!
1577 4024 1765 4073 Bauer.
1810 4027 1825 4052 ‘
1852 4022 1936 4073 An
1962 4025 2129 4087 potius
2152 4026 2415 4073 enimvero?
2440 4027 2567 4080 ,Pro

381 4088 436 4134 in
457 4100 511 4133 eo
529 4084 684 4136 habet
704 4088 933 4137 aedLoV.
953 4090 1004 4137 2.
1029 4101 1130 4137 uon
1153 4088 1368 4150 improb.
1390 4089 1555 4137 Drak.
1618 4088 1683 4136 'rb
1702 4090 1754 4135 in
1776 4088 1923 4137 abest
1948 4104 1976 4137 a
1999 4103 2044 4137 c.
2068 4090 2268 4137 Victor.
2294 4090 2417 4139 Lov.
2440 4092 2486 4136 8.
2512 4101 2567 4139 et

381 4154 433 4198 6.
499 4150 665 4200 Voces
699 4152 753 4199 iu
787 4166 838 4199 eo
869 4166 900 4200 a
933 4154 1220 4214 glossatore
1247 4154 1319 4215 τῷ·
1355 4152 1434 4201 aba·
1468 4152 1691 4215 ascripta
1713 4151 1886 4214 sciisse,
1910 4153 2127 4214 putabet
2154 4149 2327 4203 Cra?
2364 4152 2566 4216 Rapo-t.

382 4214 512 4263 Mox
536 4215 854 4265 communae
867 4216 1024 4266 Crev.
1043 4216 1406 4280 {heysem—8
1441 4218 1769 4267 meditandam
1794 4218 1957 4267 Gron.
1986 4216 2199 4295 Doujat.
2233 4218 2385 4269 Crev.
2412 4220 2575 4271 Doer.

381 4282 479 4327 —4
514 4279 576 4327 In
597 4294 670 4329 me
691 4278 797 4329 del.
815 4280 981 4331 Gron-
1008 4280 1224 4345 nou-jur.
1249 4282 1401 4330 Crev.
