3177 4950
1092 409 1239 463 ms.
1286 412 1487 463 κιαι.
1533 414 1700 463 car.
1739 394 1856 463 39.
2389 397 2570 465 3575

367 555 437 621 ei
480 560 829 639 paternum
878 573 1031 619 cum
1074 553 1341 621 Marcio
1398 562 1563 623 erat.
1651 555 1768 621 Ab
1817 556 2010 641 hujus
2045 556 2564 621 necessitudinis

366 657 987 723 commemoratione
1028 656 1189 735 orsi,
1233 657 1564 741 petierunt
1607 659 1834 741 legati,
1879 658 1950 721 in
1992 656 2404 740 colloquium
2449 678 2564 723 ve-

364 758 593 822 niendi
620 759 759 841 regi
780 763 1183 841 potestatem
1212 756 1484 823 faceret.
1558 758 1892 835 Marcius,
1919 759 2052 823 ‘Et
2073 778 2148 822 se
2167 758 2266 823 ita
2289 778 2334 823 a
2361 766 2562 841 patre

366 876 497 923 suo
538 859 936 941 accepisse?
980 860 1175 933 dixit,
1221 858 1636 925 ‘amicitiam
1679 860 2180 943 hospitiumque
2211 879 2366 925 cum
2397 860 2560 923 Phi·

364 959 555 1043 lippo
582 959 811 1025 fuisse.
876 960 1201 1025 Minime
1182 978 1639 1025 immemorem
1669 960 2176 1025 necessitudinis
2205 959 2352 1043 ejus
2381 961 2557 1041 lega-

364 1061 611 1125 tionem
668 1078 821 1125 eam
864 1060 1277 1142 suscepisse.
1361 1058 1810 1143 colloquium,
1866 1060 1928 1123 si
1975 1062 2147 1125 satis
2203 1060 2556 1125 commode

364 1161 635 1238 valeret,
666 1180 799 1224 nou
830 1159 1043 1225 fuisse
1072 1160 1473 1228 dilaturum:
1518 1180 1714 1237 nuuc,
1759 1161 1878 1226 ubi
1919 1160 2198 1244 primum
2239 1166 2552 1245 posset,¹²

362 1260 449 1325 ad
478 1260 775 1325 Peneum
808 1258 1073 1335 flumen,
1096 1280 1233 1343 qua
1257 1262 1577 1331 transitus
1597 1262 1684 1327 ab
1711 1260 2038 1327 Homolio
2062 1259 2269 1325 Dium
2293 1269 2316 1297 ⁶
2346 1268 2554 1341 esset,

356 1362 753 1445 praemissis,
782 1362 899 1445 qui
926 1363 1299 1428 nuntiarent
1324 1364 1491 1445 regi,
1527 1361 1887 1429 venturos.'

444 1462 553 1533 39.
598 1462 689 1527 Et
734 1470 874 1527 tum
923 1463 1195 1546 quidem
1244 1463 1334 1528 ab
1380 1464 1518 1529 Dio
1565 1464 1858 1529 Perseus
1899 1461 1966 1527 in
2013 1463 2330 1529 interiora
2370 1464 2552 1545 regui

358 1562 599 1647 recipit
619 1566 672 1613 ¹4
709 1582 809 1639 se,
853 1562 987 1627 levi
1030 1580 1195 1628 aura
1237 1564 1383 1647 spei
1422 1564 1720 1647 objecta,
1749 1565 1936 1648 quod
1985 1563 2284 1629 Marcius
2332 1564 2552 1647 ipsius

358 1682 569 1733 causa
596 1664 973 1746 suscepisse
1001 1683 1076 1727 se
1103 1665 1495 1745 legationem
1528 1665 1836 1731 dixisset.
1926 1666 2098 1729 Post
2120 1663 2264 1729 dies
2293 1684 2552 1747 pancos

356 1765 445 1831 ad
486 1764 937 1839 ,constitutum
982 1765 1201 1829 locum
1252 1770 1587 1831 venerunt.
1645 1765 1974 1850 ,Magnus
2025 1764 2382 1832 comitatus
2432 1766 2554 1831 suit

354 1867 601 1947 regius,
631 1884 785 1931 cum
814 1866 1207 1944 amicorum,
1237 1874 1381 1957 tum
1410 1866 1768 1933 satellitum
1792 1869 1991 1932 turba
2013 1868 2328 1949 stipante.
2389 1864 2552 1931 Non

354 1968 604 2033 minore
650 1968 911 2051 agmine
954 1967 1160 2050 legati
1201 1975 1536 2044 venerunt,
1574 1974 1646 2035 et
1687 1970 1774 2037 ab
1819 1969 2094 2034 Larissa
2133 1968 2358 2033 multis
2396 1988 2551 2051 pro-

356 2070 808 2152 sequentibuS,
851 2073 917 2132 et
964 2067 1415 2150 legationibus
1464 2070 1856 2147 civitatium,
1899 2087 2054 2154 quoe
2101 2076 2549 2134 convenerant

356 2167 722 2246 Larissam,
748 2177 816 2235 et
842 2169 1219 2236 renuntiare
1250 2170 1517 2236 domum
1548 2175 1754 2249 certa,
1772 2190 1938 2287 quae
1968 2170 2336 2245 audissent,
2363 2170 2548 2233 vole

354 2272 533 2339 bant.
620 2273 850 2338 Inerat
878 2290 1037 2337 cura
1074 2270 1277 2337 insita
1316 2270 1710 2337 mortalibus
1740 2244 2013 2338 videndi
2043 2271 2548 2353 congredientes

350 2372 635 2441 nobilem
677 2392 917 2454 regem,
952 2380 1025 2436 et
1062 2371 1301 2454 populi
1337 2372 1664 2455 principis
1693 2378 2013 2437 terrarum
2043 2372 2332 2436 omnium
2362 2372 2546 2453 lega

348 2482 479 2550 tos.
588 2472 955 2558 Postquam
1008 2474 1077 2539 in
1128 2479 1501 2558 conspectu
1545 2479 1888 2551 steterunt,
1933 2472 2278 2538 dirimente
2321 2491 2546 2548 amne,

350 2575 697 2658 paulisper
750 2574 1285 2640 internuntiando
1340 2577 1680 2640 cunctatio
1737 2575 1889 2654 fuit,
1938 2575 2072 2640 utri
2131 2572 2544 2655 transgrede-

350 2683 587 2742 rentur.
704 2674 979 2758 Aliquid
1034 2675 1135 2744 illi
1189 2676 1397 2758 regias
1454 2675 1812 2760 majestati,
1871 2673 2129 2759 aliquid
2178 2673 2249 2738 hi
2303 2673 2542 2756 populi

352 2775 644 2842 Romani
695 2776 971 2851 nomini,
1018 2795 1171 2842 cum
1222 2777 1590 2858 praesertim
1647 2775 1936 2840 Perseus
1989 2775 2276 2857 petisset
2333 2773 2543 2838 collo-

350 2878 613 2960 quium,
658 2877 1131 2945 existimabant
1178 2875 1426 2940 deberi.
1510 2875 1688 2941 Joco
1737 2876 1942 2940 etiam
1991 2875 2292 2938 Marcius
2339 2891 2540 2936 cunc-

348 2985 577 3042 tantes
622 2981 853 3044 movit.
934 2985 955 3014 ‘
980 2976 1249 3056 Minor,’
1298 2975 1543 3061 inquit,
1594 2982 1615 3012 ‘
1647 2977 1736 3040 ad
1777 2972 2135 3059 majorem‘
2173 2971 2280 3040 et’
2321 2971 2537 3057 (quod

349 3077 679 3163 Philippo
720 3080 853 3162 ipsi
892 3097 1263 3162 cognomen
1294 3084 1439 3142 erat
1457 3075 1519 3162 ⁸)
1547 3084 1566 3112 ‘
1588 3077 1769 3142 filius
1799 3075 1884 3140 ad
1913 3080 2168 3160 patrem
2202 3071 2540 3140 transeat.’

1353 3259 1523 3280 000000
1530 3261 1617 3280 ΙΝ

340 3397 473 3446 m.
476 3382 745 3443 ’.Rupert
746 3385 876 3431 —18
911 3378 1145 3430 Ponet..
1165 3382 1433 3428 mentum.
1497 3377 1650 3442 Couj.
1685 3377 1906 3442 Rupert.
1935 3380 2125 3440 ponent
2154 3379 2242 3422 ant
2274 3376 2536 3422 memm-

345 3447 471 3498 Mox
501 3446 685 3496 Omolio
710 3456 765 3495 ut
789 3461 907 3508 sup
930 3445 1007 3494 Gr
986 3459 1090 3493 r.on
1116 3445 1235 3492 Don
1208 3443 1333 3506 njat.
1359 3442 1514 3491 Crev.

1331 3588 1377 3637 N
1388 3587 1547 3638 OTAE

406 3711 429 3739 ⁶
462 3703 538 3754 Ab
576 3704 799 3754 Homolio
838 3701 1013 3765 Dium]
1046 3701 1259 3752 Omolus
1284 3701 1401 3752 Ste·
1484 3701 1632 3758 minu,
1653 3700 1792 3766 qnod
1830 3699 1915 3748 alii
1941 3711 2124 3747 nomeu
2157 3695 2346 3748 Lamia
2372 3694 2533 3748 tribu·

344 3781 512 3843 phano
528 3781 737 3841 dicitur,
754 3779 979 3828 Homole
998 3779 1238 3840 Virgilio,
1256 3792 1401 3826 monn
1480 3785 1594 3825 unt.

339 3857 617 3906 Thessaliae
642 3853 931 3916 altissimus,
962 3853 1223 3901 Pausania
1246 3860 1399 3907 teste.
1546 3848 1565 3884 ¹
1592 3851 1776 3907 Minor,
1801 3847 1976 3911 inquit,
1996 3848 2061 3896 ad
2081 3843 2326 3908 moreat]
2361 3845 2536 3894 AEtate

344 3931 718 3980 Centaurorum
750 3929 921 3990 sedes,
946 3929 1077 3978 Pelii
1113 3943 1251 3992 pars,
1273 3929 1402 3976 The·
1480 3926 1655 3974 scilice
1663 3932 1701 3974 t.

340 4007 419 4055 bis
462 4004 763 4054 Phthioticis
804 4004 1092 4062 imminens,
1128 4011 1285 4068 atque
1324 4003 1401 4052 Ο·
1545 4009 1571 4044 8
1606 3999 1742 4055 Quod
1764 3997 1900 4047 Phila·
1883 4013 1990 4062 eppo
2011 3996 2104 4060 ipsi
2123 4011 2244 4058 cogn
2245 4009 2376 4043 omen
2405 4007 2486 4042 ero
2489 3993 2534 4058 t]

342 4081 459 4144 tltry
482 4080 709 4128 vicinus:
746 4079 867 4127 hinc
891 4077 1182 4127 Homolium
1206 4093 1297 4127 seu
1323 4077 1397 4127 O·
1480 4075 1592 4138 Ipsi
1616 4074 1684 4125 Q.
1707 4073 1910 4122 Marcio
1930 4071 2144 4120 inditum
2170 4069 2376 4117 videtur
2411 4067 2532 4116 Phi-

337 4157 548 4206 molium
605 4155 855 4216 oppidum
912 4154 1191 4214 Magnesiae
1255 4153 1395 4215 apud
1478 4151 1605 4214 lippi
1639 4163 1843 4210 nomen,
1865 4162 1930 4196 ex
1966 4143 2193 4195 amicitia
2225 4149 2278 4190 et
2313 4142 2532 4204 hospitio

336 4229 479 4280 Plin.
500 4240 555 4279 et
576 4233 735 4280 alios:
766 4229 985 4279 Moletio
1008 4239 1085 4279 est
1108 4227 1263 4278 hodie
1298 4228 1396 4276 La·
1476 4225 1638 4290 patris
1674 4237 1790 4274 cum
1827 4222 2068 4286 Philippo
2099 4217 2422 4269 Macedonia
2456 4233 2536 4268 re·
