3177 4950
1084 434 1228 487 mn.
1278 438 1463 487 xnv.
1506 438 1672 489 un.
1717 424 1824 490 23.
2367 424 2542 493 8⁷79

342 578 411 647 in
443 576 683 643 Sieilia
726 586 1119 663 oppugnata
1158 578 1760 665 Carthaginienses,
1800 582 2090 650 Athenae
2131 594 2538 671 oppugnatae

341 688 413 744 et
432 680 707 746 Graecia
736 682 805 746 in
830 682 1209 747 servitutem
1234 686 1443 768 petita
1464 692 1531 750 et
1550 686 1826 772 adjutus
1851 686 2202 753 Hannibal
2225 690 2541 773 pecunia,

342 782 641 858 auxiliis,
668 780 1351 866 Philippumhostem
1380 786 1702 853 fecerunt.
1767 790 2145 857 Antiochus
2171 791 2342 874 ipse,
2366 790 2538 853 ultro

337 883 427 947 ab
482 884 727 948 AEtolis
774 883 1085 949 hostibus
1132 888 1377 952 vestris
1424 888 1811 969 arcessitus,
1862 910 1954 956 ex
1994 890 2170 956 Asia
2209 890 2426 956 classe
2466 892 2536 955 in

336 982 677 1051 Graeciam
723 986 1011 1071 trajecit,
1060 986 1493 1055 Demetriade
1534 996 1604 1055 et
1643 990 1974 1057 Chalcide
2019 998 2092 1057 et
2121 992 2300 1057 saltu
2332 992 2538 1059 Ther⁶

338 1086 757 1169 mopylarum
790 1094 1157 1169 occupato,
1196 1088 1281 1152 de
1320 1092 1757 1173 possessione
1803 1093 2066 1177 imperii
2097 1113 2220 1157 vos
2249 1093 2570 1178 dejicere·

338 1196 639 1252 conatus.
730 1188 905 1252 Cum
935 1188 1189 1255 Perseo
1217 1192 1393 1257 socii
1416 1194 1624 1258 vestri
1647 1188 2042 1278 oppugnati,
2063 1194 2180 1260 alii
2205 1196 2535 1261 interfecti

335 1290 541 1371 reg-uli
591 1288 1067 1375 principesque
1122 1294 1420 1375 gentium
1464 1302 1583 1361 aut
1635 1296 2064 1379 populorum,
2109 1314 2325 1362 eausa
2372 1296 2533 1359 belli

334 1391 533 1454 vobis
560 1391 795 1455 fuera·
876 1391 1103 1471 Quem
1134 1394 1397 1459 tandem
1430 1398 1692 1463 titulum
1713 1404 1938 1462 nostra
1965 1398 2316 1463 calamitas
2343 1397 2536 1461 habi-

334 1496 481 1557 tura
506 1496 631 1569 est,
664 1492 723 1555 si
754 1494 1023 1575 perituri
1050 1496 1335 1559 snmus?
1380 1494 1702 1561 Nondum
1737 1516 2008 1581 segrego
2049 1498 2345 1565 civitatis
2373 1516 2536 1562 cau·

335 1612 555 1657 sama
578 1593 949 1678 Polyarato
988 1600 1055 1660 et
1084 1596 1371 1675 Dinone,
1400 1600 1664 1663 civibus
1695 1601 1962 1679 nostris,
1985 1606 2058 1665 et
2085 1602 2203 1680 iis,-
2229 1618 2426 1684 quos,
2457 1608 2535 1663 ut

332 1694 741 1761 traderemus
796 1697 1017 1773 vobis,
1066 1698 1507 1765 adduximus.
1595 1701 1672 1765 Si
1729 1718 1962 1777 omnes
2011 1701 2272 1791 Rhodii
2333 1718 2530 1782 oeque

332 1796 523 1859 noxii
561 1814 889 1874 essemus,
918 1798 1104 1880 qnod
1146 1808 1449 1865 nostram
1488 1802 1559 1866 iu
1601 1802 1734 1867 hoo
1779 1802 1960 1867 bello
2002 1803 2253 1867 crimen
2301 1802 2530 1866 esset?

330 1894 561 1961 Persei
590 1898 893 1981 partibas
930 1896 1245 1978 favimus,
1284 1906 1374 1978 et,
1402 1902 1974 1986 quemadmodum.
2017 1901 2336 1967 Antiochi
2365 1902 2530 1967 Phi·

325 1996 635 2081 lippique
664 1999 844 2065 bello
889 2018 1013 2084 pro
1052 2000 1271 2067 vobis·
1296 2002 1626 2067 adversus
1651 2020 1866 2085 reges,
1893 2005 1992 2067 sic
2022 2022 2190 2068 nnuc
2224 2021 2347 2085 pro
2377 2020 2530 2091 rege

329 2098 655 2165 adversus
697 2119 821 2164 vos
860 2101 1193 2169 stetimus.
1282 2101 1866 2183 Quemadmodum
1917 2102 2260 2169 soleamus
2301 2108 2528 2169 socios

320 2199 586 2283 juvare,
613 2208 685 2267 et
712 2222 917 2287 quam
948 2203 1233 2288 impigre
1260 2223 1622 2289 capessere
1649 2206 1856 2285 bella,
1888 2206 1967 2271 G.
1989 2206 2274 2282 Livium,
2309 2206 2388 2272 L.
2411 2206 2528 2271 AE·

326 2302 587 2369 milium
620 2304 955 2387 Regillum
984 2306 1405 2389 interrogate,
1438 2308 1559 2391 qui
1588 2308 1926 2373 elassibus
1951 2308 2196 2372 vestris
2243 2309 2310 2372 in
2357 2307 2530 2375 Asia

326 2404 757 2488 praefuerunt.
805 2406 1173 2491 Nunquam
1202 2416 1451 2473 vestrm
1478 2426 1694 2473 naves
1719 2425 2098 2493 pugnavere
2127 2408 2278 2473 sine
2309 2411 2528 2473 nobis.

328 2507 579 2578 Nostra
632 2509 861 2574 classe
909 2509 1355 2592 pugnavimus
1408 2509 1618 2574 semel
1665 2509 1756 2574 ad
1811 2509 2112 2587 Samum,
2160 2509 2400 2574 iterum
2459 2514 2528 2574 in

328 2610 739 2695 Pamphylia
768 2612 1089 2676 adversus
1121 2609 1577 2684 Hannibalem
1597 2611 2097 2693 imperatorem.
2185 2609 2358 2688 Quae
2387 2614 2528 2678 vic-

322 2714 496 2777 toria
525 2713 722 2778 nobis
744 2732 827 2776 eo
856 2711 1214 2795 gloriosior
1235 2717 1361 2790 est,
1385 2711 1591 2796 quod,
1615 2731 1770 2776 cum
1794 2710 1880 2776 ad
1911 2711 2187 2777 Samum
2218 2731 2524 2795 magnam

325 2819 585 2896 partem
646 2813 918 2880 navium
972 2812 1261 2883 adversa
1316 2831 1553 2896 pugna.
1595 2821 1662 2878 et
1729 2813 2060 2896 egregiam
2111 2811 2522 2897 juventutem

322 2916 805 2992 amisissemus,
852 2933 935 2978 ne
987 2920 1173 2980 tanta
1221 2913 1493 2997 quidem
1546 2912 1738 2978 clade
1789 2915 2027 2992 territi,
2079 2915 2318 2979 iterum
2379 2919 2528 2980 ausi

323 3035 555 3082 sumus
606 3018 807 3100 regiae
853 3016 1059 3082 classi
1106 3035 1197 3080 ex
1249 3015 1447 3100 Syria
1490 3015 1791 3080 venienti
1837 3016 2109 3080 obviam
2137 3017 2258 3082 ire.
2351 3017 2526 3084 Haeo

321 3139 453 3184 non
480 3118 807 3202 gloriandi
835 3137 1045 3184 causa
1070 3119 1287 3196 retuli,
1330 3115 1587 3203 (neque
1635 3117 1809 3181 enim
1845 3137 1932 3182 ea
1958 3136 2134 3181 nunc
2163 3123 2392 3182 nostra
2421 3125 2526 3182 est

316 3219 646 3304 fortuna,)
666 3219 790 3284 sed
807 3229 881 3284 ut
899 3218 1345 3297 admonerem,
1364 3218 1922 3302 quemadmodum
1953 3219 2276 3304 adjuvare
2296 3221 2522 3284 socios

318 3320 614 3386 solerent
644 3319 913 3386 Rhodii.
2511 3323 2518 3330 ’

403 3422 515 3486 23.
550 3419 729 3504 (24.)
772 3426 791 3455 ‘
812 3421 1128 3498 Praemia,
1176 3421 1497 3507 Philippo
1542 3428 1613 3486 et
1652 3419 1996 3485 Antiocho
2035 3421 2342 3499 devictis,
2383 3443 2525 3488 am-

315 3524 626 3608 plissima
683 3523 1069 3608 accepimus
1134 3541 1175 3587 a
1232 3523 1448 3588 vobis.
1536 3521 1636 3596 Si,
1694 3539 1848 3604 qnae
1897 3531 2123 3586 vestra
2174 3541 2355 3590 nunc
2415 3536 2521 3590 est

315 3625 587 3690 fortuna
620 3623 843 3690 Deum
888 3625 1291 3707 benignitate
1325 3632 1397 3690 et
1424 3623 1665 3692 virtute
1697 3633 1944 3702 vestra,
1975 3644 2058 3688 ea
2089 3623 2324 3692 Persei
2352 3625 2522 3691 fuis-

316 3735 449 3804 set,
476 3733 546 3790 et
587 3727 865 3809 praemia
908 3727 1187 3810 petitum
1240 3726 1329 3792 ad
1376 3727 1694 3792 victorem
1739 3745 1959 3808 regem
2005 3726 2424 3794 venissemus
2455 3733 2518 3792 in

320 3824 811 3899 Macedoniam,
839 3827 1000 3912 quid
1026 3826 1295 3892 tandem
1321 3828 1700 3892 diceremus
1723 3829 1754 3890 ‘t
1843 3826 2226 3892 Pecuniane
2252 3846 2295 3891 a
2317 3831 2518 3895 nobis

317 3927 665 4012 adjutum‚⁰
694 3947 779 3992 an
806 3927 1141 3994 frumento
1166 3931 1195 3998 ‘t
1220 3927 1499 3994 auxiliis
1524 3929 1966 4004 terrestribus,
1990 3946 2076 3992 an
2099 3929 2460 3995 navalibus
2484 3934 2514 3994 ‘l

315 4031 497 4114 quod
528 4029 914 4114 praesidium
946 4033 1239 4096 tenuisse
1279 4050 1408 4095 nos
1434 4031 1467 4094 ‘l
1516 4031 1631 4094 ubi
1673 4046 2007 4113 pugnasse
2037 4037 2157 4093 aut
2184 4032 2312 4094 sub
2336 4031 2516 4110 illius

380 4217 408 4242 ⁸
440 4209 570 4259 Beua·
599 4210 821 4258 adoneus
844 4207 1075 4258 Peraeam
1104 4211 1307 4273 suscepta·
1336 4225 1490 4259 cam
1510 4209 1736 4270 fuerumt,
1757 4209 1878 4271 quod
1898 4209 1942 4257 is
1963 4209 2109 4257 nocio:
2130 4213 2310 4258 uestros
2333 4223 2518 4273 oppug.

316 4279 493 4337 amet,
518 4271 823 4338 gutiamque
855 4271 1061 4336 regulos,
1090 4278 1141 4322 et
1159 4274 1409 4325 ciendum
1424 4273 1683 4340 principa,
1698 4274 1848 4324 socies
1870 4273 2037 4324 itidem
2057 4278 2238 4322 veteru
2249 4277 2515 4328 occidisset.
