3177 4950
1123 419 1268 465 ms.
1317 418 1482 467 xm.
1531 418 1695 467 cn.
1741 403 1849 469 18.
2400 402 2575 469 3493

369 564 587 639 missi,
617 562 870 645 quique
897 562 986 625 ab
1015 566 1256 627 senatu
1289 566 1614 643 peterent,
1642 568 1723 625 ut
1748 564 1837 627 ob
1868 582 1987 627 eus
2018 582 2149 641 res,
2171 560 2381 628 ductu
2414 582 2571 627 aus-

369 666 688 747 picioque
710 663 820 727 Ti.
847 662 1228 745 Sempronii
1259 682 1584 745 prospere
1616 673 1865 745 gestus,
1894 664 2055 729 Diis
2084 666 2569 729 immortalibus
2702 708 2713 715 -

369 764 586 827 honos
615 764 986 837 haberetur,
1017 763 1282 845 ipsique
1311 762 1665 827 decedenti
1696 763 1779 827 de
1809 766 2161 847 provincia
2202 768 2565 831 exercitum

371 884 598 934 secum
646 863 1010 946 deportare
1051 864 1302 927 liceret.
1389 864 1705 940 Senatus,
1732 864 1802 927 in
1840 864 1993 929 cede
2022 865 2363 950 Apollinis
2390 868 2571 948 lega-

368 975 587 1033 torum
618 966 842 1029 verbis
864 963 1144 1040 auditis,
1171 963 1735 1046 supplicationem
1758 966 1825 1028 in
1851 966 2129 1029 biduum
2158 966 2481 1043 decrevit,
2502 975 2571 1033 et

367 1067 812 1151 quadraginta
853 1065 1218 1150 majoribus
1261 1066 1504 1129 hostiis
1547 1064 1863 1129 consules
1906 1067 2285 1133 sacrificare
2308 1069 2565 1152 jussit:

366 1166 480 1231 Ti.
540 1165 1006 1248 Sempronium
1055 1164 1527 1247 proconsulem
1573 1165 2081 1249 exercitumque
2136 1188 2220 1232 eo
2274 1188 2446 1235 anno
2498 1172 2567 1235 in

360 1268 718 1350 provincia
771 1284 1059 1332 manere.
1149 1265 1452 1330 Comitia
1497 1266 1735 1330 deinde
1774 1268 2071 1332 consulis
2116 1270 2313 1333 unius
2353 1290 2569 1335 surro-

367 1369 596 1451 gandi,
643 1388 800 1451 qum
838 1370 908 1431 in
965 1372 1122 1433 ante
1175 1366 1352 1431 diem
1397 1366 1659 1431 tertium
1722 1366 1959 1433 Nouus
1998 1369 2300 1435 Sextiles
2344 1370 2571 1434 edicta

368 1478 576 1546 aaut,
607 1488 692 1534 eo
719 1470 876 1553 ipso
906 1468 1020 1533 die
1052 1474 1208 1531 sunt
1235 1466 1562 1531 confecta.
1635 1465 1727 1545 Q.
1757 1467 2067 1533 Petillius
2098 1471 2337 1535 consul
2363 1472 2569 1535 colle·

368 1592 546 1655 gam,
577 1571 696 1655 qui
721 1569 1070 1652 extemplo
1101 1569 1566 1651 magistratum
1590 1571 1947 1651 occiperet,
1969 1573 2223 1636 creavit
2257 1571 2336 1637 C.
2364 1570 2569 1635 Vale·

368 1674 540 1738 rium
562 1679 614 1709 ¹²
659 1671 1029 1736 Laevinum.
1118 1668 1215 1744 Ie,
1266 1668 1412 1751 jam
1473 1667 1588 1731 diu
1644 1669 1935 1752 cupidus
1981 1673 2375 1753 provinciae,
2414 1691 2567 1737 curn

367 1780 772 1857 opportunae
804 1770 1160 1853 cupiditati
1188 1768 1342 1852 ejus
1369 1768 1580 1833 literae
1618 1768 1851 1837 allatae
1877 1781 2126 1849 essent,
2158 1772 2439 1853 Ligures
2470 1792 2566 1837 re·

367 1873 687 1951 bellasse,
723 1872 944 1937 Nonis
973 1871 1350 1935 Sextilibus
1391 1870 1791 1954 paludatus,
1837 1872 2059 1939 literis
2104 1874 2423 1950 auditi5‚¹‘¹
2468 1884 2569 1938 tu-

366 1976 622 2039 multus
669 1974 821 2057 ejus
861 1990 1076 2037 cause
1117 1974 1442 2054 legionem
1486 1973 1747 2035 tertiam
1783 1973 1869 2036 ad
1910 1972 1989 2037 C.
2023 1968 2381 2039 Claudium
2419 1995 2569 2057 pro-

369 2075 708 2141 consulem
737 2076 806 2139 in
831 2073 1132 2139 Gallium
1157 2072 1494 2156 proficisci
1514 2073 1759 2156 jussit3
1782 2078 1829 2121 ⁸³
1859 2082 1929 2138 et
1949 2074 2337 2140 duumviros
2358 2095 2569 2141 nava·

367 2176 472 2239 les
491 2192 642 2239 cum
663 2175 884 2239 classe
907 2172 1110 2238 Pisas
1131 2174 1251 2249 ire,
1275 2172 1392 2257 qui
1413 2172 1729 2255 Ligurum
1752 2192 1964 2252 orum,
1982 2176 2383 2241 maritimum
2404 2194 2567 2257 quo·

370 2294 503 2359 qne
552 2284 866 2341 terrorem
907 2274 1366 2352 admoventes,
1407 2274 2105 2341 circumvectarentur.
2198 2276 2456 2341 Eodem
2500 2285 2569 2341 et

370 2374 460 2454 Q.
491 2375 806 2441 Petillius
833 2375 1073 2441 consul
1105 2376 1190 2440 ad
1223 2374 1759 2440 conveniendum
1795 2377 2123 2441 exercitui
2162 2376 2337 2441 diem
2378 2376 2569 2441 edix-

370 2486 536 2544 erat.
627 2477 716 2542 Et
753 2475 836 2540 C.
879 2475 1206 2542 Claudius
1253 2477 1649 2561 proconsul,
1695 2477 1929 2542 audita
1962 2478 2325 2542 rebellione
2368 2477 2567 2558 Ligu·

368 2597 542 2656 rum,
601 2583 846 2661 praeter
891 2597 1014 2642 eus
1069 2578 1332 2660 copias,
1385 2597 1561 2660 quas
1630 2597 1859 2644 secum
1927 2577 2189 2643 Purmae'
2255 2577 2568 2654 habebat,

370 2679 714 2746 subitariis
760 2677 1061 2744 collectis
1103 2679 1449 2756 militibus,
1487 2679 1857 2744 exercitum
1906 2679 1995 2744 ad
2040 2679 2207 2744 fines
2252 2679 2567 2762 Ligurum

371 2779 696 2844 admovit.
749 2801 755 2813 ·

457 2877 564 2944 18.
591 2877 772 2964 (23.)
835 2877 1100 2945 Hostes
1133 2883 1264 2946 sub
1311 2880 1670 2946 adventum
1704 2879 1783 2944 C.
1813 2879 2104 2956 Claudii,
2148 2897 2189 2942 a
2228 2898 2365 2961 quo
2392 2878 2567 2943 duce

369 2999 446 3046 se
475 2982 914 3046 meminerant
943 2999 1156 3065 nuper
1181 2980 1270 3046 ad
1299 2980 1743 3045 Scultennam
1774 2979 2019 3043 flumen
2039 2979 2257 3044 victos
2278 2979 2570 3062 fugatos-

372 3101 532 3164 que,
561 3082 858 3146 locorum
887 3085 1102 3162 magis
1133 3081 1450 3165 praesidio
1482 3081 1809 3146 adversus
1838 3079 2197 3145 infeliciter
2216 3084 2567 3163 expertam

370 3184 534 3260 vim,
563 3201 762 3266 quam
795 3183 1023 3259 rimie,
1054 3203 1127 3248 se
1157 3183 1513 3263 defensuri,
1544 3182 1719 3248 duos
1762 3187 2023 3246 montes
2058 3179 2297 3246 Letum
2332 3189 2403 3246 et
2432 3181 2567 3246 Ba-

369 3282 594 3347 listnm
642 3295 983 3366 ceperunt,
1032 3301 1358 3368 muroque
1407 3285 1687 3367 insuper
1732 3281 2053 3365 amplexi.
2141 3282 2435 3347 Tardius
2476 3302 2569 3347 ex

375 3617 384 3626 .
440 3582 502 3628 12
537 3577 614 3628 M.
644 3577 882 3628 Valerium
902 3579 1023 3630 edd.
1045 3587 1166 3628 ante
1189 3581 1496 3642 sigum—18
1530 3590 1544 3612 ⁴
1565 3579 1815 3642 Suspicor
1842 3579 2007 3626 locum
2032 3591 2131 3626 non
2156 3578 2413 3642 integrum
2438 3593 2571 3639 ene,

372 3649 428 3692 et
449 3643 532 3692 hic
555 3642 748 3704 aliquid
771 3641 840 3690 de
865 3642 1190 3706 profectione
1215 3644 1438 3694 consulis
1461 3645 1695 3707 paludati
1732 3645 1783 3692 in
1809 3643 2125 3706 provinciam
2158 3643 2354 3690 dicrum
2388 3641 2568 3693 fuisse.

371 3705 478 3754 Sed
499 3721 561 3755 es
581 3715 755 3754 tannen
785 3707 836 3754 in
867 3703 1030 3756 Nomi
1049 3707 1185 3757 Sext.
1209 3705 1438 3758 conferri
1475 3722 1577 3758 nnn
1615 3715 1810 3772 potest,
1834 3707 1952 3769 quin
1976 3707 2177 3756 Latium
2201 3715 2324 3769 post
2342 3721 2429 3756 eas
2451 3709 2501 3758 in
2523 3723 2569 3756 a.

370 3771 421 3820 d.
445 3769 552 3818 111.
586 3769 708 3818 Idus
732 3770 876 3820 Sext.
908 3771 1094 3820 edicte
1123 3779 1276 3822 erant
1313 3786 1430 3836 cap.
1459 3776 1537 3821 lu.
1579 3786 1679 3822 nec
1720 3771 2106 3832 magistratibus
2140 3780 2261 3821 ente
2292 3771 2405 3819 illas
2443 3773 2569 3821 lice·

371 3833 466 3883 bet
499 3834 552 3881 in
587 3835 886 3895 provincias
914 3835 1093 3885 exire:
1125 3837 1260 3886 Dsk.
1324 3838 1341 3865 ⁸
1367 3837 1547 3886 Verba
1577 3836 1737 3886 literis
1770 3833 1951 3883 audiun
1989 3833 2055 3883 ab
2093 3834 2145 3882 h.
2170 3835 2203 3882 Ι.
2227 3835 2399 3884 aliena
2430 3845 2568 3884 sunt.

373 3897 672 4024 {zrseenleffi
706 3912 818 3946 mox
845 3897 925 3950 Ia.
950 3899 1125 3949 Sextil-
1160 3900 1286 3949 abiit
1313 3901 1587 3963 Mutus.
1672 3897 1856 3948 Litoris
1882 3901 1995 3946 mite
2031 3896 2161 3948 datis
2193 3901 2425 3948 tunultu
2461 3898 2569 3949 eet:
2616 3939 2639 3956 ,

1355 4057 1405 4108 N
1415 4057 1581 4109 01·AE

435 4163 472 4188 ’-
505 4155 686 4206 Licet-ir
705 4155 910 4219 mitis]
945 4157 1064 4207 Non
1090 4155 1184 4205 aba
1207 4169 1264 4206 re
1286 4162 1430 4206 notat
1509 4153 1784 4206 sententie
1808 4165 1943 4216 esse,
1962 4165 2117 4216 quarn
2136 4149 2419 4200 firmandae.

377 4227 537 4279 Grut.
583 4230 673 4280 hu
716 4245 869 4281 voces
929 4228 1199 4281 turbandis
1255 4229 1428 4291 potius
