3177 4950
608 448 785 521 858⁰
1358 473 1370 490 ¹
1539 464 1629 513 -τ,
1675 460 1866 521 mvn

614 613 759 691 cio,-
798 606 989 677 aliud
1036 606 1289 693 petisse
1341 606 1595 673 videar.
1683 606 1934 679 AEtolis
1975 613 2052 671 et
2103 604 2456 690 Byzantiis
2483 604 2810 687 <praesidia

610 712 936 791 misimus,
964 717 1036 775 et
1064 708 1517 785 cum-Boeotis
1549 709 1919 779 amicitiam
1950 708 2261 774 fbcimus.
2319 706 2527 784 Hm,
2557 708 2815 791 qualia·

614 832 901 898 cumque
948 820 1127 889 sunt,
1180 831 1297 895 per
1344 810 1607 893 legatos
1654 830 1844 875 meos
1891 829 2021 874 non
2067 808 2286 877 solum
2333 808 2654 887 indicata,
2689 808 2814 875 scd

616 915 823 986 etiam
866 917 1196 979 excusata
1230 918 1404 975 -sunt
1446 930 1640 993 saepe
1685 911 1756 979 in
1801 918 2034 979 senatu
2079 916 2346 989 vestm
2387 910 2514 975 uhi
2547 910 2816 993 aliquos

618 1034 745 1095 ego
774 1014 1283 1098 disceptatores,
1312 1032 1447 1087 non
1464 1018 1612 1081 iam
1644 1032 1908 1095 aequos,
1943 1032 2148 1097 quam
2177 1019 2267 1088 te,
2299 1010 2389 1089 Q.
2427 1010 2668 1087 Marci,
2697 1031 2816 1095 pap

618 1124 879 1187 ternum
918 1116 1306 1184 amicum-et
1330 1115 1689 1198 hospitem,
1723 1115 2080 1181 habebam.
2173 1113 2310 1179 Sed
2338 1112 2643 1178 nondum
2667 1111 2817 1177 Ro-

618 1236 797 1283 mam
826 1223 1188 1283 accusator
1216 1214 1551 1281 Eumenes
1594 1221 1885 1289 venerat,
1937 1214 2056 1301 qui
2101 1212 2572 1283 calumniando
2597 1214 2822 1281 omnia

619 1314 1210 1401 detorquendoque
1240 1322 1563 1400 suspecta
1607 1322 1680 1381 et
1723 1316 1946 1413 inrisa
1975 1314 2290 1391 efficeret,
2319 1322 2390 1379 et
2417 1313 2818 1398 pennulae

618 1420 815 1485 vobis
848 1422 1217 1493 conaretur,
1260 1435 1395 1485 nou
1436 1435 1646 1500 posse
1674 1416 2029 1483 Graeciam
2072 1417 2144 1481 in
2175 1414 2505 1485 libertate
2545 1434 2718 1491 esse,
2749 1424 2826 1480 et

618 1526 843 1587 vestro
888 1536 1154 1585 munere
1198 1517 1350 1594 frui,
1400 1517 1630 1600 quoad
1683 1535 1958 1599 regnum
2009 1515 2446 1609 Macedoniae
2489 1518 2824 1584 incolume

622 1626 829 1687 esset·
914 1618 1418 1701 circumagetur
1451 1616 1568 1682 hic
1615 1618 1840 1682 orbis:
1885 1616 2022 1683 erit.
2053 1636 2242 1697 mox,
2271 1617 2392 1703 qui
2411 1625 2682 1700 agnat,
2713 1636 2826 1681 ne—

622 1723 989 1809 quicquam
1006 1716 1408 1789 Antiochum
1430 1719 1603 1784 ultra
1610 1718 1780 1801 juga
1793 1718 1997 1794 Tauri
2014 1726 2342 1797 remotum
2365 1718 2426 1799 3⁶
2455 1719 2829 1802 graviorem

622 1823 834 1900 multo
887 1822 1105 1899 Asiae,
1156 1828 1355 1905 quam
1406 1817 1793 1885 Antiochus
1837 1818 2062 1897 fuerit,
2093 1820 2454 1885 Eumenem
2493 1839 2672 1898 esse,
2703 1840 2828 1885 nec

624 1923 1103 2009 conquiescere
1152 1920 1381 1987 socios
1426 1929 1693 1999 vestros
1736 1938 1970 2003 posse,
2003 1920 2228 2004 quoad
2276 1923 2462 2005 regia
2511 1920 2830 2004 Pergami

617 2026 758 2093 sit:
782 2044 951 2089 -eam
982 2043 1203 2089 arcem
1232 2040 1441 2106 snpra
1468 2020 1702 2104 capita
1729 2021 2158 2086 finitimarum
2199 2021 2578 2089 civitatium
2611 2023 2830 2107 impo-

629 2127 850 2191 sitam.
936 2124 1087 2207 Ego
1130 2124 1299 2197 haec,
1347 2122 1437 2201 Q.
1466 2122 1807 2189 Marciet
1849 2122 1954 2205 A.v
1970 2121 2166 2203 Atili,
2209 2141 2364 2206 qnae
2409 2132 2528 2190 aut
2545 2144 2602 2195 a
2626 2126 2830 2190 vobis

626 2226 924 2309 objecta,
956 2230 1076 2289 aut
1116 2228 1407 2310 purgata
1432 2242 1475 2287 a
1500 2244 1610 2289 me
1649 2231 1831 2301 sunt,
1875 2224 2040 2289 talia
2086 2242 2259 2297 esse,
2279 2226 2450 2303 scio,
2491 2231 2566 2290 ut
2609 2245 2832 2303 auree,

628 2330 707 2391 ut
733 2325 941 2391 animi
968 2323 1384 2395 audientium
1416 2324 1590 2394 sint:
1655 2342 1783 2388 nec
1827 2331 1968 2390 tam
2005 2326 2273 2405 referre,
2321 2326 2482 2409 quid
2517 2346 2671 2411 ego,
2702 2336 2836 2401 aut

629 2445 767 2512 qua
790 2432 1011 2492 mente
1039 2424 1334 2505 fecerim,
1364 2444 1569 2510 quam
1601 2426 1936 2510 quomodo
1968 2427 2038 2492 id
2081 2446 2205 2495 vos
2243 2427 2496 2494 factum
2529 2430 2836 2520 accipia-

627 2531 743 2595 tis.
832 2527 1167 2598 Conscius
1195 2528 1560 2612 mihi-sum,
1600 2529 1762 2596 nihil
1791 2549 1900 2594 me
1938 2530 2257 2598 scientem
2297 2529 2700 2616 deliquisse3
2745 2540 2834 2606 et,

630 2631 693 2696 si
722 2629 882 2713 quid
912 2629 1181 2694 fecerim
1210 2629 1653 2712 imprudentia
1695 2632 1957 2713 lapsus,
1987 2633 2228 2716 corrigi
2271 2638 2474 2708 meet
2499 2633 2836 2698 emendari

632 2730 1073 2812 castigatione
1100 2730 1229 2794 hac
1268 2749 1497 2813 posse.
1588 2730 1782 2796 Nihil
1827 2739 2010 2798 certe
2055 2735 2453 2811 insanabile,
2495 2735 2836 2823 nec-quod

630 2835 816 2907 bello
846 2841 919 2899 et
943 2834 1149 2898 armis
1176 2834 1708 2918 persequendum
1737 2855 1888 2900 esse
1915 2838 2278 2912 censeatis,
2307 2839 2655 2904 commisi:
2703 2849 2832 2904 at?

630 2937 905 3008 frustra.
926 2935 1297 3002 clementiae
1349 2936 1828 3020 gravitatisque
1880 2943 2120 3004 vestrae
2165 2940 2347 3006 fama
2388 2939 2668 3023 vulgata
2701 2959 2838 3024 pet

630 3043 857 3121 gentes
885 3044 1013 3114 est,
1044 3037 1105 3100 si
1134 3036 1385 3101 talibus
1414 3035 1499 3100 de
1542 3038 1802 3115 causis,
1831 3057 1990 3121 qnae
2029 3041 2152 3106 vix
2180 3041 2456 3123 querela
2483 3047 2556 3107 et
2579 3059 2834 3124 expos-

633 3138 964 3205 tulatione
991 3139 1213 3222 dignae
1250 3144 1434 3215 sunt,
1466 3155 1674 3203 arma·
1693 3139 2068 3221 capitis,·et
2107 3143 2378 3224 regibus
2421 3142 2632 3208 sociis
2657 3141 2836 3208 bell-a

634 3238 938 3304 infler-tis!

722 3341 832 3404 43.
880 3339 1056 3406 Haec
1096 3340 1349 3406 dicenti
1392 3351 1539 3406 tum
1571 3360 1902 3432 *assensus
1935 3341 2232 3409 Marcius
2263 3350 2502 3409 auctor
2529 3344 2658 3410 suit
2685 3346 2837 3410 mit-

636 3439 824 3507 tendi
856 3439 1149 3506 Romam
1196 3441 1430 3524 legati,
1473 3463 1626 3508 cum
1673 3445 2076 3528 experienda
2121 3444 2352 3510 omnia
2391 3445 2482 3510 ad
2509 3442 2839 3525 ultimum,

640 3529 779 3606 nec'
814 3542 1444 3625 praetermittendam
1504 3564 1701 3630 spem
1727 3541 1752 3574 ⁸
1803 3544 2012 3609 ullam
2056 3547 2456 3612 censuisset.
2542 3546 2842 3630 Reliqua

640 3643 1052 3708 consultatio
1100 3652 1268 3724 erat,
1319 3664 1611 3730 quonam
1661 3646 1863 3711 modo
1915 3653 2128 3713 tutum
2179 3648 2304 3714 iter
2349 3649 2588 3732 legatis
2637 3657 2842 3714 esset.

641 3739 754 3805 Ad
787 3741 859 3807 id
887 3762 1036 3808 cum
1068 3747 1452 3811 necessaria
1495 3747 1744 3833 petitio
1784 3747 2198 3814 induciarum
2235 3749 2590 3828 videretur,
2633 3769 2840 3834 cupe-

640 3848 873 3926 retque
904 3842 1233 3926 Marcius,
1263 3866 1479 3932 neque
1526 3848 1709 3913 aliud
1752 3850 2095 3935 colloquio
2124 3852 2438 3937 petisset,
2465 3857 2740 3935 gravate
2769 3861 2842 3917 et

1554 4007 1919 4032 mmo-*000

644 4104 735 4154 hat
756 4105 974 4168 Rupert.
1008 4111 1064 4155 et
1088 4107 1143 4156 in
1168 4113 1373 4158 textum
1398 4111 1604 4173 recepit
1625 4110 1882 4162 Boon—⁵
1919 4113 2104 4174 Adiit-ie
2127 4115 2320 4164 mavult
2353 4115 2674 4179 nupera—o
2705 4114 2762 4165 J.
2787 4115 2848 4164 Ρ.

644 4168 807 4242 pron.
831 4171 977 4219 malit
1010 4175 1300 4222 num—‘1
1337 4177 1352 4202 ⁶
1374 4175 1548 4236 Magis
1568 4177 1744 4240 piacet
1765 4181 1818 4224 at
1837 4191 1991 4241 quam
2027 4185 2130 4242 ant,
2153 4179 2288 4244 quod
2311 4179 2432 4230 edd.
2467 4179 2634 4230 Gron.
2667 4179 2838 4242 [Dou-

630 4231 762 4294 Jat.]
786 4233 941 4281 Crev.
964 4242 1019 4284 et
1039 4235 1125 4283 all.
1146 4233 1405 4286 offerunt)
1438 4241 1676 4300 Deering.

708 4297 743 4345 8
777 4301 791 4324 ⁶
814 4297 983 4348 Drak.
1006 4299 1171 4350 edidit
1192 4315 1276 4350 uec
1306 4303 1764 4366 pretermittendum
1783 4321 1928 4372 spem,
1952 4311 2160 4380 secutus
2181 4305 2302 4358 edd.
2337 4314 2470 4360 vett.
2489 4313 2616 4360 aute
2635 4315 2842 4372 postre-
