3177 4950
619 424 796 493 3⁴66
1417 420 1422 427 '
1587 437 1655 483 r.
1703 434 1897 483 mvn

912 578 1156 642 Achaeis
1207 577 1542 655 Carthago:
1585 586 1765 657 atque
1804 578 2009 635 horum
2038 572 2309 633 cladibus
2346 572 2631 634 convulso
2672 582 2801 635 om-

911 676 1072 737 nium
1088 682 1265 745 statu,
1285 673 1514 752 reliqua
1528 676 1663 751 jam
1690 674 1956 752 imperia,
1978 670 2341 749 aliquamdiu
2368 670 2649 739 obnoxia,
2668 680 2809 749 post

910 770 1086 851 paulo
1129 788 1354 841 eversa,
1398 770 1459 827 in
1502 768 1845 827 Romanum
1884 766 2188 847 imperium
2228 772 2446 825 cuncta
2483 774 2803 824 emerunt.

909 865 1118 945 Atque
1161 867 1310 937 haec‚
1338 874 1405 924 ut
1443 864 1591 924 locis
1624 864 2093 943 temporibusque
2118 859 2371 931 diversa,
2414 861 2499 939 ita
2550 880 2612 919 re
2656 881 2804 923 con-

897 964 1135 1039 juncta,
1159 961 1268 1020 sub
1297 980 1412 1019 uno
1455 968 1697 1039 aspectu
1732 959 1829 1017 hic
1856 979 2071 1037 ponere
2102 958 2294 1026 libuit,
2322 956 2569 1016 intuenti
2608 957 2805 1015 immi-

909 1075 1051 1115 nens
1093 1075 1231 1115 mox
1260 1055 1553 1115 Romanis
1579 1074 1617 1113 a
1642 1053 1869 1113 Perseo
1897 1054 2145 1127 bellum,
2172 1052 2329 1115 unde
2354 1052 2581 1111 initium
2606 1054 2803 1111 maxi-

907 1170 1001 1210 me
1041 1150 1338 1211 crescendi
1389 1171 1482 1209 res
1532 1148 1829 1209 Romanae
1872 1170 2099 1229 cepere.
2184 1146 2353 1209 Illud
2397 1146 2621 1206 bellum
2658 1156 2805 1206 tunc

905 1246 1204 1327 coquebat
1245 1246 1538 1307 occultum
1612 1245 1871 1305 Perseus
1898 1264 1914 1304 ε
1976 1245 2346 1305 lacessebant
2388 1244 2573 1321 mag-is
2623 1262 2805 1321 quam

905 1344 1262 1401 exercebant
1288 1340 1572 1401 Romana
1600 1359 1761 1399 arma
1788 1339 2031 1417 Ligures
2055 1350 2116 1400 et
2142 1338 2332 1399 Galli.

987 1439 1104 1515 (2.)
1148 1435 1242 1495 M.
1286 1434 1470 1495 Junio
1519 1434 1733 1505 Bruto,
1775 1434 1860 1493 A.
1893 1435 2127 1495 Manlio
2164 1433 2419 1493 Vulsoni
2461 1432 2805 1494 consulibus

903 1532 1155 1593 decretae
1197 1551 1334 1610 ergo
1368 1532 1689 1612 provinciae
1732 1540 1888 1601 sunt,
1918 1529 2127 1591 Gallia
2151 1541 2215 1589 et
2240 1530 2517 1607 Ligures:
2564 1528 2803 1591 Manlio

907 1626 1136 1699 Gallia,
1176 1626 1217 1687 J
1219 1627 1356 1687 unio
1383 1626 1628 1704 Ligures
1652 1626 1936 1705 obtigere.
2020 1626 2407 1695 Praetoribus„
2453 1625 2547 1684 M.
2573 1624 2803 1683 Titinio

643 1724 752 1775 Liv.
793 1724 882 1776 inf.
907 1722 1109 1783 Curvo
1142 1724 1388 1794 urbana,
1413 1722 1508 1781 Ti.
1549 1720 1813 1782 Claudio
1856 1720 2091 1780 Neroni
2130 1722 2437 1801 peregrina
2464 1719 2803 1797 jurisdictio

576 1808 626 1904 ζ
643 1794 758 1906 {3²²
779 1794 826 1839 ⁷·
905 1819 1142 1879 evenit:
1187 1818 1269 1881 P.
1297 1818 1459 1879 AElio
1488 1816 1732 1894 Liguri»
1775 1814 2004 1887 sicma,
2029 1815 2107 1875 T.
2132 1816 2379 1876 AEbutio
2404 1814 2564 1875 caro
2590 1813 2798 1875 smn-

575 1936 620 1969 c.
640 1924 690 1969 9.
709 1926 760 1966 et
779 1921 864 1968 26.
905 1914 1042 1974 nia:
1088 1912 1182 1971 M.
1211 1912 1434 1972 Titinio
1461 1912 1609 1987 (duo
1632 1911 1787 1969 enim
1811 1912 1903 1971 M.
1929 1911 2135 1971 Titinii
2162 1921 2477 1992 praeturam
2502 1912 2615 1971 hoc
2640 1930 2801 1971 anno

576 1992 630 2097 ξ
650 1997 878 2095 ἲζιέζσ·
903 2010 1225 2086 gesserunt)
1271 2006 1570 2089 Hispania
1604 2007 1861 2079 citerior,
1909 2006 1983 2067 T.
2022 2007 2270 2067 Fonteio
2318 2006 2603 2087 Capitoni
2644 2006 2799 2068 ulte-

579 2115 662 2160 15.
684 2111 788 2160 Jul.
903 2104 1036 2163 rior.
1121 2102 1470 2163 Incendium
1495 2102 1655 2163 circa
1690 2101 1881 2161 forum
1908 2111 2099 2165 ortum
2142 2111 2256 2173 est,
2283 2122 2403 2181 quo
2444 2110 2505 2165 et
2542 2101 2803 2181 plurima

577 2174 882 2299 gffiqfinju,
903 2198 1113 2257 deusta
1155 2206 1311 2268 sunt,
1337 2206 1401 2256 et
1425 2197 1682 2257 Veneris
1724 2196 1881 2256 aedes
1922 2198 2043 2256 sine
2082 2197 2206 2257 ullo
2232 2198 2481 2275 vestigio
2515 2206 2797 2257 cremata.

574 2300 660 2349 lib.
905 2292 1110 2353 Vestae
1149 2293 1465 2373 penetralis
1504 2293 1654 2371 ignis
1679 2294 1993 2354 extinctus.
2079 2292 2297 2371 Virgo,
2320 2294 2491 2370 cnjus
2528 2291 2801 2355 custodia

577 2364 878 2430 Ju1.0bseq.
904 2387 1114 2459 suerat,
1131 2390 1302 2467 jussu
1334 2388 1426 2447 M.
1453 2387 1680 2451 AEmilii
1703 2386 2001 2469 pontificis
2020 2388 2265 2449 maximi
2291 2385 2475 2465 flagro
2499 2406 2690 2447 emsa:
2733 2398 2801 2447 et

654 2557 666 2569 ·
901 2484 1360 2566 supplicationes
1381 2483 1455 2542 de
1475 2503 1636 2544 more
1662 2484 1880 2546 habitae
1905 2493 2056 2543 sunt.
2142 2483 2413 2542 Lustrum
2440 2483 2555 2544 hoc
2582 2503 2733 2544 anno
2761 2505 2801 2544 a

575 2556 708 2622 ΕΝ·
901 2580 1234 2643 censos-ihm
1270 2579 1364 2638 M.
1391 2579 1635 2638 AEmilio
1664 2578 1913 2658 Lepido,
1942 2578 2034 2638 M.
2068 2577 2283 2638 Fu1v10
2309 2577 2627 2640 Nobiliore
2650 2599 2797 2640 con-

895 2673 1084 2732 ditum
1109 2682 1215 2732 est.
1300 2671 1498 2732 Censa
1513 2682 1653 2732 sunt
1670 2674 1887 2732 civium
1914 2674 2114 2753 capita
2138 2673 2395 2736 ducenta
2421 2675 2795 2756 septuaginta

893 2768 1012 2829 tria
1035 2767 1224 2828 millia
1240 2766 1498 2826 ducenta
1522 2766 1915 2846 quadraginta
1931 2777 2201 2848 quatuor.

979 2865 1096 2940 (3.)
1137 2859 1350 2942 Legati
1397 2882 1434 2923 a
1473 2862 1697 2922 Perseo
1726 2862 2127 2924 Macedonum
2168 2885 2302 2943 rege
2327 2876 2633 2936 venerunt,
2660 2887 2797 2946 pos-

893 2958 1149 3021 tulantes
1174 2967 1241 3020 ut
1267 2978 1390 3028 rex,
1412 2959 1720 3038 sociusque
1746 2968 1807 3018 et
1828 2961 2049 3020 amicus
2074 2981 2113 3019 a
2139 2969 2345 3022 senatu
2371 2961 2797 3042 appellaretur,

894 3053 1200 3133 foedusque
1236 3072 1378 3115 cum
1419 3073 1512 3123 eo,
1539 3053 1699 3132 quod
1735 3074 1872 3116 cum
1900 3054 2193 3135 Philippo
2219 3064 2386 3135 patre
2412 3059 2542 3136 ejus
2579 3056 2797 3130 suerat,

601 3163 709 3212 Liv.
732 3179 818 3211 ιι..
895 3156 1290 3208 renovaretur.
1361 3146 1683 3228 Suspectus
1708 3148 2041 3228 invisusque
2061 3161 2189 3210 erat
2210 3149 2499 3212 Romanis
2515 3152 2797 3224 Persem,

570 3234 652 3277 ⁶⁸·
675 3235 726 3274 οἳ
749 3242 870 3277 ¹¹³·
896 3260 1003 3300 nec
1029 3241 1384 3302 dubitabant
1406 3241 1695 3322 plerique,
1723 3244 1863 3321 quin
1892 3244 2117 3304 bellum
2154 3264 2191 3305 a
2227 3245 2517 3326 Philippo
2564 3256 2657 3308 tot
2690 3269 2799 3328 per

896 3355 1080 3396 annos
1118 3336 1364 3398 occultis
1403 3336 1660 3396 consiliis
1700 3338 2066 3411 instructum,
2109 3341 2211 3402 ubi
2264 3342 2517 3422 primum
2556 3343 2799 3414 daretur

890 3433 1123 3492 occasio
1151 3432 1419 3514 viresque
1460 3433 1517 3494 ei
1556 3453 1678 3494 suae
1716 3434 1856 3494 satis
1878 3433 2275 3520 placuissent,
2311 3437 2581 3498 illaturus
2620 3449 2795 3503 esset.

890 3524 1140 3598 Tamen,
1163 3547 1234 3587 ne
1261 3530 1526 3608 quietum
1551 3538 1615 3588 et
1638 3530 1803 3610 pacis
1827 3529 2149 3591 studiosum
2168 3531 2485 3602 lacessisse,
2512 3533 2795 3620 belloque

955 3739 978 3773 δ
1007 3741 1075 3792 Ρ.
1095 3743 1226 3792 AElio
1249 3743 1450 3809 Ligure]
1481 3746 1613 3797 Cum
1643 3761 1674 3796 e
1704 3760 1794 3796 sex
1878 3749 2005 3798 Eam
2030 3749 2187 3811 igitur
2204 3749 2269 3798 ad
2287 3751 2423 3801 hunc
2444 3765 2633 3801 annum
2656 3751 2793 3802 refe-

889 3806 1199 3880 pretioribus
1233 3809 1386 3872 hujus
1414 3811 1534 3860 anni
1555 3826 1689 3888 unus
1710 3812 1797 3877 alt,
1878 3813 2091 3862 rendam
2138 3829 2250 3863 esse
2294 3817 2499 3864 censuit
2554 3815 2793 3879 Pighius.

883 3882 1617 4001 {5¹25.2?55:3?12?.ffi32‘⁰;¹.2
1642 3875 1799 3993 ¹2:22
1876 3877 2795 4004 3x3.‘:.‡⁸¹‚-¹.·:3;.2‘¹.t“·.3:²¹¹·33221

886 4010 981 4045 sno
1003 3999 1250 4063 explevit·
1269 4016 1335 4049 ex
1371 4004 1667 4066 conjectura
1698 4004 1796 4056 boc
1878 4020 1989 4055 rum
2014 4008 2239 4055 omnium
2258 4008 2637 4070 provinciarum
2659 4023 2793 4070 pre·

887 4066 1164 4134 praetorum
1191 4063 1482 4124 collegium.
1547 4067 1613 4118 P.
1637 4069 1796 4118 AElius
1878 4076 2016 4118 tores
2051 4086 2082 4119 a
2116 4071 2263 4120 Livio
2298 4071 2433 4120 infra
2456 4073 2532 4120 sic
2558 4072 2713 4122 variis
2735 4075 2789 4122 in

886 4125 1046 4188 Lngus
1088 4136 1238 4178 sexto
1269 4131 1456 4180 abhinc
1495 4145 1631 4183 anno
1672 4147 1795 4181 con-
1876 4134 2001 4184 locis
2054 4137 2405 4195 nominentur,
2458 4137 2795 4198 quemadmo-

886 4189 968 4237 sul
1002 4188 1208 4240 futurus
1245 4203 1342 4243 ent.
1408 4194 1532 4258 Ejus
1567 4202 1798 4258 praetura
1874 4197 1997 4250 dum
2022 4198 2107 4250 bic
2128 4209 2385 4250 narratur.
2421 4200 2563 4252 Crev-

885 4267 1134 4318 nusquam
1151 4257 1274 4308 alibi
1291 4260 1342 4309 in
1354 4259 1504 4310 Livio
1522 4261 1796 4324 reperitur.
