3177 4950
640 396 815 464 ³668
1588 411 1658 462 r.
1707 411 1892 462 mvn

646 575 848 640 qnam
892 561 1141 638 quanta
1184 552 1433 618 bellum
1476 551 1764 618 latitudo
1813 557 1939 618 est.
2029 551 2112 618 In
2163 572 2287 618 eos
2333 555 2700 620 transversi
2753 555 2854 620 in-

643 658 1029 726 cumbentes
1070 655 1261 738 tigni,
1308 654 1399 720 ad
1447 656 1732 720 tricenos
1793 654 1971 738 longi
2012 655 2249 737 pedes,
2287 663 2360 720 ut
2407 675 2584 740 pons
2637 667 2858 734 esset,

644 757 1169 842 injungebantur,
1228 757 1602 841 humusque
1665 758 1946 841 insuper
2001 757 2443 840 injiciebatnr.
2563 757 2858 826 Modico

646 859 892 926 deinde
933 859 1105 924 infra
1146 860 1496 925 intervallo
1540 860 1783 925 similis
1825 861 1988 926 alter
2033 879 2252 943 pons:
2321 859 2474 926 dein
2497 867 2550 908 ¹⁷
2613 860 2860 926 tertius

644 967 719 1028 et
768 962 991 1043 plnres
1050 981 1135 1024 ex
1196 960 1451 1036 ordine,
1492 981 1630 1044 qua
1675 981 1880 1046 rupes
1939 961 2228 1026 abscisae
2283 969 2528 1037 erant,¹
2573 959 2860 1028 fiebant.

644 1061 883 1128 Solido
930 1062 1335 1144 procedebat
1372 1063 1648 1148 elephas
1699 1063 1772 1126 in
1819 1071 2138 1146 pontem:
2193 1060 2398 1145 cnjus
2457 1063 2866 1146 priusquam

645 1163 721 1230 in
786 1171 1161 1228 extremum
1230 1164 1645 1246 procederet,
1723 1165 2014 1230 succisis
2079 1163 2426 1228 asseribus
2505 1165 2865 1247 collapsus

646 1281 847 1350 pons,
898 1283 1116 1346 nsque
1156 1263 1435 1330 alterius
1457 1263 1507 1303 ¹⁸
1559 1265 1824 1330 initium
1875 1265 2130 1348 pontis,
2171 1264 2438 1348 prolabi
2485 1285 2640 1332 enm
2689 1266 2868 1330 leni-

648 1372 747 1430 ter
794 1367 1102 1449 cogebat.
1199 1365 1343 1432 Alii
1384 1365 1722 1450 elephanti
1768 1365 2053 1450 pedibus
2097 1365 2500 1444 insistentes,
2543 1365 2666 1430 alii
2721 1367 2866 1434 clu·

649 1467 852 1532 nibus
907 1467 1355 1546 subsidentes,
1406 1468 1955 1550 prolabebantur.
2067 1464 2208 1532 Ubi
2265 1467 2580 1550 planities
2641 1468 2866 1536 altera

652 1569 887 1652 pontis
930 1559 1314 1654 excepisset
1346 1589 1489 1648 eos,
1519 1589 1750 1640 rursus
1787 1569 1998 1637 simili
2025 1569 2220 1634 ruina
2261 1569 2604 1635 inferioris
2635 1571 2870 1652 pontis

654 1669 1147 1750 deferebantur,
1191 1670 1403 1738 donec
1446 1670 1533 1736 ad
1588 1672 1960 1756 aequiorem
1995 1669 2240 1736 vallem
2287 1675 2676 1754 perventum
2737 1679 2872 1742 est.

650 1770 880 1852 „Paulo
936 1772 1094 1854 plus
1156 1781 1417 1858 septem
1460 1773 1676 1840 millia
1717 1773 1824 1838 die
1845 1779 1938 1824 ¹⁹¹
2001 1771 2294 1838 Romani
2345 1771 2871 1854 processeruntg
2920 1815 2928 1819 -

638 1873 1001 1941 'minimum
1042 1873 1331 1958 pedibus
1364 1876 1617 1942 itineris
1645 1874 2049 1942 confectum.
2139 1873 2548 1957 Plerumque
2591 1873 2873 1959 provol-

657 1979 893 2039 ventes
940 1993 1015 2039 se
1063 1975 1263 2042 simul
1306 1996 1462 2042 cum
1506 1977 1722 2058 armis,
1755 1975 2044 2059 aliisque
2087 1975 2422 2052 oneribus,
2465 1995 2620 2042 cnm
2673 1977 2872 2040 omni

659 2095 900 2160 genere
948 2077 1347 2156 vexationis,
1392 2084 1896 2163 processerunt;
1943 2076 2112 2142 adeo
2157 2081 2234 2144 ut
2275 2095 2366 2140 ne
2419 2075 2558 2142 dux
2589 2075 2872 2160 quidem

662 2181 735 2243 et
778 2182 1015 2241 auctor
1058 2176 1319 2242 itineris
1362 2178 1775 2257 infitiaretur,
1819 2197 2034 2262 parva
2083 2195 2282 2242 manu
2328 2175 2534 2241 deleri
2591 2195 2870 2242 omnem

662 2276 1035 2340 exercitum
1087 2276 1415 2359 potuisse.
1528 2278 1754 2342 Nocte
1800 2279 1890 2344 ad
1933 2278 2263 2344 modicam
2317 2275 2666 2361 planitiem
2717 2297 2872 2363 per-

664 2382 1021 2460 venerunt3
1064 2397 1306 2461 neque,
1338 2398 1427 2444 an
1471 2379 1754 2446 infestus
1797 2381 1861 2446 is
1899 2380 2092 2446 locus
2135 2387 2340 2458 esset,
2385 2387 2627 2463 septus
2669 2379 2870 2446 undi-

664 2500 818 2565 que,
862 2481 1455 2567 circumspiciendi
1494 2484 1786 2567 spatium
1824 2483 1973 2549 fuit.
2060 2482 2203 2547 Vix
2231 2482 2494 2547 tandem
2521 2502 2614 2549 ex
2641 2482 2876 2567 inspe-

665 2589 813 2647 rato
842 2584 1164 2649 stabilem
1192 2583 1279 2649 nd
1303 2584 1748 2649 insistendum
1779 2585 1993 2650 nactis
2015 2583 2238 2649 locum
2277 2590 2555 2665 postero
2592 2603 2872 2667 qnoque

670 2684 783 2749 die
812 2685 883 2749 in
911 2693 1047 2750 tam
1078 2705 1252 2752 cava
1280 2686 1456 2751 valle
1490 2686 1784 2771 opperiri
1809 2686 2173 2771 Popillium
2207 2704 2290 2751 ac
2311 2686 2584 2751 relictas
2607 2706 2768 2751 cum
2793 2706 2874 2751 eo

668 2786 908 2870 copias
961 2806 1241 2853 necesse
1288 2788 1458 2868 fuit;
1502 2807 1676 2872 qnos
1721 2796 1792 2852 et
1835 2788 2046 2870 ipsos,
2090 2805 2242 2852 cum
2289 2787 2378 2851 ab
2435 2786 2618 2851 nulla
2669 2798 2872 2871 parte

667 2886 887 2954 hostis
913 2890 1280 2968 terruisset,
1306 2890 1612 2959 locorum
1643 2889 1966 2974 asperitas
1995 2888 2322 2955 hostiliter
2343 2888 2648 2953 vexavit.
2709 2890 2874 2961 Ter-

671 2992 769 3057 tio
828 2991 937 3057 die
998 2993 1377 3077 conjunctis
1438 2992 1664 3075 copiis
1705 2999 1868 3057 eunt
1909 3012 2027 3075 per
2069 2992 2342 3068 saltum,
2391 3008 2588 3075 quem
2633 2989 2876 3057 ineolae

672 3090 1107 3177 Callipeucen
1140 3092 1539 3179 appellant-⁸
1611 3090 1872 3171 Quarto
1902 3091 2058 3157 inde
2081 3092 2192 3157 die
2214 3098 2272 3129 ¹⁰
2304 3110 2424 3175 per
2454 3110 2645 3173 aeque
2666 3091 2876 3169 invia,

676 3192 799 3277 sed
858 3193 1283 3259 assuetudine
1336 3194 1625 3277 peritius
1667 3200 1736 3259 et
1775 3194 2043 3260 meliore
2085 3212 2236 3259 cum
2281 3202 2453 3277 spe:
2506 3190 2692 3276 qnod
2751 3213 2917 3263 nec.

742 3360 764 3387 ⁶
794 3354 1001 3419 Propter
1017 3356 1383 3421 mamam-⁸,
1402 3370 1491 3409 m
1505 3356 1620 3420 quia
1639 3356 1956 3409 inruemu-

1593 3480 1682 3503 000
1689 3480 1956 3503 „uuo”

746 3582 809 3628 17
844 3580 964 3629 Inde
998 3580 1165 3632 Gron.
1192 3582 1402 3647 Doqint.
1434 3582 1591 3633 Crev.
1672 3582 1804 3632 Mox
1839 3582 2060 3633 abaciam
2093 3580 2214 3632 edd.
2251 3589 2374 3632 ante
2409 3582 2704 3633 otone—is
2739 3582 2880 3633 Ante

676 3643 884 3693 alteria
910 3644 1119 3695 videtur
1138 3646 1300 3696 Deer.
1324 3646 1581 3698 excidisse
1601 3649 1816 3698 ‹nm—10
1839 3647 1966 3699 vid.
1991 3648 2118 3699 Not.
2141 3648 2326 3712 Delph.
2345 3646 2570 3699 inc—so
2591 3648 2754 3699 Tenis
2771 3649 2881 3697 inde

1679 3810 1894 3861 1⁴10?AE

682 3898 799 3935 cnm
824 3884 1082 3937 Numidis.
1822 3892 1891 3941 bo
1907 3890 2104 3948 scinde,
2125 3891 2346 3941 alterum
2369 3904 2402 3939 a
2421 3889 2590 3941 cado.
2656 3890 2772 3955 Ego
2791 3890 2874 3941 liic

748 3970 772 4007 5
798 3962 909 4021 Qun
926 3976 1067 4027 rupes
1085 3964 1281 4018 abscisa
1298 3964 1564 4031 [ababuc]
1581 3965 1744 4031 aul]
1820 3968 1996 4017 malim
2013 3967 2248 4017 abucina.

684 4038 914 4091 Froben.
927 4040 1111 4091 scribit
1122 4040 1337 4107 abacia,
1353 4043 1439 4093 cui
1450 4039 1742 4107 suffragan·
1885 4050 1906 4077 ⁸
1921 4044 2077 4093 Panlo
2091 4045 2200 4107 plus
2216 4047 2394 4105 septen
2413 4041 2566 4093 nilli-
2581 4042 2684 4107 ἀίω]
2702 4044 2876 4105 Forte,

686 4121 794 4176 tur,
831 4122 968 4166 teste
996 4116 1161 4167 Gron.
1192 4118 1378 4182 optimi
1398 4126 1662 4180 auctores,
1685 4122 1743 4169 et
1821 4117 1992 4185 inquit
2014 4119 2179 4169 Gron.
2201 4133 2254 4169 eo
2273 4117 2380 4169 dis.-
2417 4132 2594 4167 verum
2617 4120 2698 4168 die
2729 4118 2877 4183 signi·

688 4192 1030 4257 antiquissimi
1058 4194 1301 4257 codices3
1334 4196 1426 4246 sed
1458 4195 1668 4259 exigno,
1687 4196 1744 4244 nl
1825 4192 1952 4245 fleat
1973 4208 2080 4243 non
2095 4194 2248 4250 male,
2271 4194 2408 4243 intra
2431 4193 2570 4244 diem
2593 4208 2766 4245 unum.

686 4262 865 4333 fallor,
882 4269 1215 4325 discriminet
1240 4272 1457 4325 alterum
1471 4278 1553 4323 est
1576 4286 1608 4322 a
1628 4284 1743 4322 ver·
1888 4276 1913 4331 ,⁸
1947 4270 2096 4331 Quen
2127 4270 2297 4322 incola
2313 4270 2608 4335 Callipeucen
2629 4264 2883 4337 mellus]
