3177 4950
1140 455 1288 502 ms.
1336 454 1531 503 κιαι.
1578 454 1742 505 cAr.
1783 441 1893 507 65.
2341 464 2346 467 ·
2439 440 2614 509 3613

424 600 909 666 Phalannaeum
960 608 1187 681 agrum
1206 604 1234 643 ⁸
1294 601 1659 663 transeunt.
1749 595 1859 662 Ibi
1916 614 2070 663 cum
2119 614 2212 663 ex
2269 598 2611 683 transfuga

425 707 779 783 cognosset
817 718 956 772 rex,
998 699 1141 763 sine
1178 697 1321 763 ullo
1350 703 1610 762 armato
1649 698 1964 782 praesidio
2001 699 2254 783 passim
2283 709 2609 783 vagantes

420 794 545 884 per²
580 818 773 885 agros
818 801 1167 867 Romanos
1208 808 1479 877 metere,
1523 819 1682 865 cnm
1723 800 1908 865 mille
1951 800 2318 885 equitibus,-
2342 800 2604 867 duobus

419 902 711 968 millibus
736 902 1069 967 Thracum
1104 906 1172 966 et
1200 899 1622 965 Cretensium
1664 900 2030 983 profectuS‚
2070 918 2245 980 cum,
2289 908 2604 987 quantum
2663 976 2671 984 ,

420 998 788 1069 accelerare
816 1009 1094 1087 poterat,
1122 1002 1333 1067 effuso
1354 1000 1612 1085 agmine
1633 1003 1926 1080 issent,¹²
1956 1003 2321 1085 improviso
2339 1021 2602 1085 aggres-

419 1124 537 1168 sus
564 1110 667 1169 est
693 1100 1069 1169 Romanos.
1140 1103 1188 1168 J
1193 1108 1394 1167 uncta
1420 1102 1755 1179 vehicula,
1779 1103 2100 1188 pleraque
2123 1110 2388 1181 onusta,
2413 1105 2598 1169 mille

418 1204 771 1270 admodum
826 1208 1198 1289 capiuntur,
1257 1205 1555 1269 sexcenti
1610 1203 1816 1268 ferme
1871 1205 2196 1269 homines.
2283 1201 2600 1269 Praedam

417 1305 924 1371 custodiendam
955 1294 1452 1387 ducendamque
1481 1304 1547 1367 in
1581 1312 1804 1370 castra
1845 1304 2158 1370 trecentis
2189 1302 2604 1369 Cretensium

416 1407 620 1471 dedit.
708 1407 1243 1491 Ipse,'revocato
1274 1408 1359 1472 ab
1390 1406 1600 1471 effusa
1623 1407 1810 1471 caede
1839 1408 2064 1490 equite
2089 1410 2156 1469 et
2183 1405 2460 1489 reliquis
2487 1426 2604 1489 pec-

418 1509 652 1585 ditum,
683 1509 876 1574 ducit
906 1509 992 1575 ad
1032 1510 1405 1593 proximum
1447 1506 1894 1590 praesidinm)¹
1939 1512 2119 1571 ratus
2147 1506 2326 1570 hand
2357 1524 2604 1589 magno

416 1610 773 1675 certamine
804 1612 1087 1694 opprimi
1117 1628 1347 1694 posse.
1436 1608 1519 1673 L.
1566 1606 1935 1690 Pompeius
1975 1608 2278 1672 tribunus
2313 1606 2602 1671 militum

412 1717 719 1793 praeerat,
750 1711 1246 1794 qui·perculsos
1275 1710 1519 1776 milites
1538 1712 1884 1793 repentino
1906 1710 2198 1773 hostium
2225 1707 2513 1773 adventu
2531 1709 2600 1772 in

410 1812 859 1894 propinquum
890 1812 1207 1876 tumulum
1236 1812 1518 1894 recepit,
1536 1810 1670 1876 loci
1700 1830 1774 1873 se
1809 1810 2150 1892 proesidiO,
2182 1810 2298 1893 qui
2329 1828 2600 1872 numero

412 1920 481 1976 et
510 1912 761 1976 viribus
790 1913 1011 1995 impar
1030 1920 1199 1989 erat,
1223 1910 1642 1978 defensurus.
1688 1910 1798 1975 Ibi
1823 1928 1978 1973 cum
2007 1912 2077 1973 in
2109 1909 2329 1973 orbem
2351 1908 2600 1973 milites

411 2011 762 2095 coegisset,
780 2021 858 2077 ut
881 2012 1173 2079 densatis
1197 2014 1416 2079 scutis
1444 2014 1531 2077 ab
1545 2012 1737 2095 jactu
1758 2018 1808 2057 ‘³
1839 2011 2226 2093 sagittarum
2249 2013 2318 2072 et
2334 2008 2598 2090 jaculo-

409 2133 553 2178 rum
600 2132 752 2178 sese
794 2118 1153 2191 tuerentur,
1184 2113 1499 2191 Perseus,
1544 2111 1958 2179 circumdato
1999 2108 2268 2174 armatis
2317 2112 2598 2187 tumulo,

407 2213 580 2278 alios
614 2230 959 2278 ascensum
991 2213 1288 2296 undique
1317 2218 1571 2277 tentare
1607 2212 1822 2296 jubet,
1854 2218 1922 2277 et
1950 2212 2258 2276 cominus
2287 2209 2596 2292 praelium

408 2332 773 2392 conserere,
822 2312 996 2377 alios
1040 2314 1304 2378 eminus
1353 2313 1488 2378 tela
1526 2314 1850 2395 ingerere.
1937 2311 2216 2394 Anceps
2247 2308 2595 2374 Romanos

406 2422 614 2480 terror
641 2415 1163 2480 circumstabat:
1209 2428 1361 2478 nam
1400 2433 1616 2498 neque
1659 2414 1954 2479 conserti
1990 2429 2290 2496 pugnare
2320 2416 2596 2494 propter

406 2531 554 2596 eoS,
596 2518 715 2600 qui
760 2514 1119 2580 ascendere
1162 2517 1232 2579 in
1277 2516 1607 2581 tumulum
1651 2513 2078 2591 conabantur,
2123 2517 2464 2595 poterant3
2505 2520 2590 2590 et,

404 2617 524 2684 ubi
570 2614 832 2682 ordines
868 2615 1317 2699 procursando
1350 2615 1731 2693 solvissent,
1759 2615 2077 2696 patebant
2104 2613 2586 2698 jaculissagit·

400 2722 591 2786 tisve.
683 2717 989 2782 Maxime
1012 2715 1642 2799 cestrosphendonis
1667 2713 1754 2764 ¹⁴³
1798 2715 2341 2781 vulnerabantur.
2429 2713 2589 2780 Hoc

396 2817 515 2888 illo
546 2819 727 2884 bello
754 2837 997 2884 novum
1029 2835 1238 2900 genus
1275 2817 1387 2881 teli
1426 2818 1766 2881 inventum
1805 2823 1932 2882 est.
2022 2816 2334 2898 Bipalme
2361 2817 2583 2899 spicu-

394 2925 535 2989 lum
580 2920 805 2986 hastili
846 2918 1291 2984 semicubitali
1336 2917 1616 2982 infixum
1661 2923 1826 2993 erat,
1871 2916 2318 2982 crassitudine
2360 2915 2543 2998 digiti
2565 2937 2586 2979 ε

397 3025 551 3089 huic
583 3023 670 3087 ad
700 3023 1025 3086 libramen
1047 3022 1275 3103 pinnae
1306 3019 1503 3098 tres,¹‘
1548 3020 1730 3084 velut
1750 3018 2014 3100 sagittis
2039 3017 2278 3095 solent,
2301 3017 2583 3080 circum—

400 3125 763 3188 dabantur:
795 3121 1002 3186 funda
1028 3121 1246 3186 media
1276 3121 1405 3186 duo
1434 3121 1694 3185 funalia
1711 3119 1996 3203 imparia
2022 3113 2352 3183 habebat.¹
2412 3116 2582 3182 Cum

1308 3279 1672 3303 comeo-emo

462 3390 523 3436 12
553 3385 568 3414 ‘
592 3368 773 3436 Malim
794 3385 925 3434 isset.
993 3383 1193 3434 Quodsi
1228 3387 1401 3432 autem
1434 3381 1615 3431 Livius
1653 3382 1862 3446 scripsit
1893 3383 2043 3432 issent
2059 3399 2080 3443 ,-
2110 3386 2200 3430 ant
2229 3386 2467 3444 poterant,
2488 3387 2580 3430 aut

392 3452 665 3514 oscelam-i,
684 3465 799 3500 cum
831 3449 1048 3499 Dukero
1086 3446 1359 3510 legendum
1400 3447 1640 3496 videtur.’
1673 3447 2036 3509 Doctrina—1³
2083 3447 2342 3495 Teutabat
2374 3445 2576 3494 Duker.

1376 3591 1595 3644 ⁸0¹1·AE

452 3712 479 3748 s
499 3701 846 3752 Phaloriam
856 3701 1049 3765 amm]
1065 3697 1147 3750 Ab
1162 3699 1291 3749 urbe
1304 3699 1440 3748 Pha·
1516 3700 1684 3749 locum
1707 3699 1780 3750 sic
1801 3696 2030 3748 Tur-neb.
2057 3693 2311 3760 explicat-z
2335 3694 2383 3744 ei
2401 3695 2574 3760 pinnoe

386 3782 545 3830 launa
567 3778 633 3827 sd
651 3778 827 3825 levam
855 3777 1013 3825 Penei
1036 3777 1173 3825 inter
1187 3775 1439 3826 Larissam
1519 3780 1629 3823 tres
1652 3773 1846 3823 addite
1871 3779 2037 3832 erant,
2061 3780 2121 3821 ut
2151 3771 2383 3821 libratior
2414 3775 2575 3824 certi-

330 3867 339 3874 ·
390 3865 447 3906 et
469 3855 707 3906 Gonnum
731 3853 785 3903 in
806 3851 1199 3902 Thessaliotide.
1518 3863 1680 3914 arque
1702 3853 1844 3898 essct
1863 3847 1952 3898 teli
1979 3849 2191 3896 volatus.

386 3935 391 3943 ’
452 3931 476 3964 ¹¹
508 3931 589 3980 Aa
606 3929 871 3993 proximum
886 3927 1187 3992 praesidium]
1217 3925 1443 3987 Gallice,
1518 3939 1527 3946 ·
1578 3923 1593 3958 ¹
1623 3924 1952 3976 Fundamedia
1962 3921 2259 3980 mensalia
2273 3923 2478 3987 ιἠῳαήα
2488 3924 2572 3973 Im-

380 4021 447 4057 aa
486 4021 621 4070 corps
660 4007 717 4054 de
756 4006 911 4067 garde
946 4007 1027 4054 des
1071 4005 1315 4067 mains,
1356 4004 1439 4066 qui
1514 4001 1677 4065 hebet]
1717 4001 1924 4051 funalia
1958 4001 2050 4049 duo
2069 3997 2332 4061 duplicem
2357 3997 2570 4048 fundam

382 4085 503 4134 έεοίι
525 4085 569 4132 le
586 4084 693 4146 ptus
712 4081 897 4144 mehe.
1516 4078 1890 4142 interpretatur
1919 4075 2056 4126 idem
2098 4073 2324 4123 Turneb.
2356 4075 2570 4124 alteram

444 4157 461 4190 ¹
498 4154 967 4220 Genu-orphanatam]
1000 4155 1226 4205 Videtur
1253 4167 1437 4204 nomeu
1519 4157 1672 4206 alteri
1695 4155 2065 4216 continentem,
2088 4167 2204 4218 qum
2219 4151 2382 4202 ambre
2399 4151 2570 4202 medio

381 4233 595 4284 fundam
620 4230 829 4295 spiculis
852 4235 1097 4279 armatam
1128 4229 1438 4294 signiticare-
1516 4231 1688 4282 hastili
1715 4229 2076 4280 intimabant:
2117 4227 2373 4292 posterius
2392 4225 2567 4277 funale

448 4309 473 4344 ¹¹
505 4309 637 4360 Huic
652 4309 715 4357 ad
730 4306 1123 4368 libramenpinnae
1138 4305 1257 4369 tres]
1283 4304 1439 4356 Hune
1518 4309 1685 4372 majus
1709 4317 1762 4357 et
1785 4306 1938 4356 latius
1959 4312 2088 4368 erat,
2121 4309 2180 4353 ut
2202 4303 2357 4355 telum
2387 4306 2568 4354 melius
