3177 4950
595 424 772 494 3464
1493 442 1566 494 τ.
1614 442 1810 491 mvn

661 587 940 652 plerosque
961 598 1028 635 eo
1047 583 1432 648 commigrasse,
1463 589 1520 635 et
1553 598 1747 649 genera
1767 582 1964 633 fraudis
1989 581 2093 633 duo
2112 580 2375 633 mutando
2400 580 2591 633 viritim
2612 581 2811 633 cirita·

666 668 739 716 tis
775 664 1056 717 induxisse.
1115 670 1166 715 ⁹.
1197 665 1340 715 Hinc
1378 666 1496 729 lege
1533 665 1753 715 Claudia
1788 672 1845 715 et
1880 664 2020 715 SCto
2058 672 2291 726 caretur,
2324 670 2385 714 ut
2422 665 2547 713 socii
2572 664 2625 712 in
2648 678 2815 713 suam

663 747 883 812 quisque·
899 744 1550 801 civitatem“redeant,'uoe
1585 744 1853 809 quisquam
1892 745 2122 794 civitatis
2156 743 2416 793 mutandus
2452 756 2611 794 eausa
2642 756 2818 792 mnu

665 828 920 877 mittatur.
989 826 1236 889 Prodigia
1255 824 1567 874 nuntiantur
1587 832 1645 875 et
1663 832 2029 889 procurantur.
2102 824 2355 874 Consules
2378 823 2667 887 provincias
2688 836 2816 872 sor-

669 908 888 963 tiuntur,
911 910 964 955 et
983 905 1199 956 Claudio
1237 904 1415 961 Istria,
1451 905 1757 969 Sempronio
1788 904 2025 955 Sardinia
2058 903 2293 953 obvenit.
2358 907 2439 953 1⁰.
2470 903 2568 953 Ille
2602 904 2815 953 certior

665 986 855 1044 factus,
893 985 1059 1037 Istros
1081 986 1316 1037 devictos
1341 1000 1522 1049 pacem
1549 986 1787 1051 petiisse,
1818 998 1887 1034 ue
1908 983 2223 1048 provinciam
2246 981 2383 1034 sorte
2403 983 2809 1047 exercitumque

666 1068 892 1129 amittat,
925 1081 1025 1117 uon
1048 1068 1180 1117 votis
1199 1066 1528 1129 nuncupatis,
1561 1080 1665 1116 nou
1704 1065 2002 1130 paludatus,
2031 1063 2145 1115 sine
2166 1064 2455 1128 lictoribus,
2475 1070 2632 1114 noctu
2656 1078 2805 1128 pras-

666 1161 792 1212 cepa
823 1148 876 1197 in
915 1147 1128 1197 Istriam
1164 1148 1295 1210 abit,
1327 1155 1490 1214 atque
1523 1146 1591 1198 A.
1626 1147 1880 1196 Manlium
1914 1153 1970 1196 et
2006 1146 2087 1195 Μ.
2118 1144 2333 1197 Junium
2374 1146 2705 1208 proconsules
2742 1154 2809 1195 ct

667 1228 870 1292 probris
910 1227 1134 1285 lacessit.
1169 1234 1228 1277 et
1268 1226 1534 1293 provincia
1577 1226 1835 1277 decedere
1867 1226 2039 1290 jubet.
2120 1224 2225 1274 Sed
2270 1223 2519 1289 fatigatus
2561 1223 2805 1275 ludibriis

665 1308 908 1371 militum,
937 1308 1212 1373 imperium
1243 1308 1470 1359 consulis
1503 1306 1877 1371 spernentium,
1916 1306 2139 1360 Romam
2174 1304 2415 1361 revertit,
2448 1311 2503 1354 et
2526 1318 2669 1355 more
2689 1320 2807 1354 ma-

655 1390 828 1453 jorum
851 1388 917 1439 ab
935 1386 1084 1437 Urbe
1107 1386 1469 1452 proficiscitur.
1527 1392 1609 1439 11.
1629 1387 1757 1437 Tum
1780 1401 1914 1437 novo
1932 1386 2171 1436 exercitu
2188 1384 2417 1435 adducto
2430 1392 2661 1435 veterem
2676 1399 2804 1437 cum

665 1469 769 1519 auis
801 1468 1016 1519 ducibus
1039 1468 1276 1531 dimittit,
1311 1471 1367 1517 et
1399 1466 1566 1517 tribus
1600 1465 1805 1531 oppidis
1840 1466 2030 1515 deletis
2052 1464 2261 1515 latriam
2284 1470 2445 1515 totam
2469 1464 2521 1513 iu
2544 1464 2801 1514 ditionem

667 1546 1012 1600 Romanorum
1035 1548 1245 1613 redigit.
1311 1552 1393 1598 12.
1415 1548 1550 1599 Iade
1573 1547 1807 1611 legiones
1830 1560 1894 1597 ex
1916 1546 2075 1596 latria
2098 1544 2387 1595 transducit
2405 1545 2457 1595 iu
2481 1544 2721 1608 Ligures,
2742 1553 2804 1595 et

661 1628 763 1676 hac
785 1640 990 1692 quoque
1015 1627 1283 1690 provincia
1304 1635 1514 1692 pacata,
1551 1626 1769 1677 duarum
1807 1626 2037 1690 gentium
2069 1639 2173 1676 uuo
2202 1638 2336 1675 anno
2373 1625 2543 1674 victor
2577 1626 2799 1675 Roman

665 1704 820 1753 redit.
885 1704 969 1753 Ab
1000 1706 1165 1755 altero
1197 1705 1354 1755 etiam
1376 1706 1585 1756 consule
1616 1706 1699 1755 Ti.
1724 1705 2029 1769 Sempronio
2064 1718 2312 1768 prospere
2358 1717 2442 1753 res
2470 1709 2723 1768 geruntur
2744 1704 2805 1753 iu

663 1784 924 1851 Sardinia,
947 1792 1003 1835 et
1030 1787 1301 1837 exercitus
1331 1787 1382 1837 in
1419 1784 1652 1851 hyberna
1682 1786 1939 1836 sociarum
1974 1783 2177 1837 urbium
2200 1782 2482 1835 reducitur.
2548 1788 2629 1833 13.
2662 1782 2805 1835 Pro-

663 1865 809 1929 digia
839 1864 1149 1929 expiantur-3
1187 1874 1242 1915 et
1285 1867 1478 1916 Lucam
1519 1867 1722 1916 colonia
1764 1864 2060 1915 deducitur.
2125 1866 2185 1915 C·
2223 1862 2473 1914 Claudius
2506 1864 2685 1914 consul
2726 1864 2801 1915 de

664 1946 821 1997 Istris
857 1945 1240 2011 Liguribusque
1277 1946 1580 2010 triumphat.
1645 1950 1727 1998 1⁴.
1759 1946 2010 1996 Consules
2047 1950 2406 2009 proetoresque
2446 1951 2706 2009 creantur,
2740 1953 2805 1999 et

662 2026 724 2076 C.
745 2025 965 2076 Claudio
985 2032 1294 2090 prorogatur
1315 2025 1586 2089 imperium
1609 2032 1665 2076 et
1686 2026 1862 2077 Gallia
1884 2024 2171 2089 provincia,
2195 2025 2249 2075 in
2270 2039 2373 2090 qua
2392 2024 2609 2089 Ligures
2630 2026 2801 2075 rebel-

659 2106 918 2155 laverant.
983 2108 1064 2156 16.
1099 2104 1236 2156 Nori
1265 2107 1515 2162 consules,
1554 2096 1655 2157 Cu.
1679 2106 1951 2156 Cornelius
1971 2106 2148 2170 Scipio
2169 2106 2437 2169 Hispallus
2457 2113 2514 2156 et
2538 2108 2606 2160 Q.
2626 2106 2805 2157 Petil-

663 2185 761 2233 lins
791 2182 1060 2253 Spurinus.
1093 2186 1369 2251 majoribus
1389 2186 1570 2237 hostiis
1592 2200 1756 2251 usque
1790 2186 1853 2240 ad
1888 2186 2178 2237 litationem
2201 2185 2494 2251 sacrificare
2506 2186 2799 2250 jubentur:

663 2276 766 2328 quo
787 2261 928 2313 facto
951 2264 1052 2328 ipsi
1078 2272 1424 2333 praetoresque
1447 2267 1734 2317 sortiuntur
1756 2266 2061 2332 provincias.
2124 2266 2255 2315 Trea
2281 2279 2404 2316 vero
2428 2274 2681 2331 praterea
2702 2266 2799 2317 de·

661 2352 966 2408 precantur,
989 2359 1056 2395 ne
1076 2345 1130 2396 in
1153 2346 1442 2410 provincias
1464 2354 1605 2398 eant.
1674 2352 1738 2399 16
1772 2345 1973 2397 Latina
2002 2346 2167 2403 feriae,
2205 2346 2327 2411 quia
2346 2360 2449 2396 non
2472 2354 2619 2397 recte
2641 2358 2799 2399 erant

661 2422 840 2489 facte,
853 2425 1232 2490 instaurantur3
1249 2433 1305 2478 et
1322 2428 1418 2479 Cu.
1433 2428 1676 2480 Cornelio
1690 2442 1796 2480 cos.
1814 2434 2037 2493 mortuo,
2056 2426 2124 2480 Q.
2137 2427 2378 2478 Petillios
2394 2429 2604 2493 collegia
2618 2442 2799 2480 surro-

663 2505 833 2569 gando
871 2505 1080 2558 comitia
1115 2508 1294 2558 edicit·
1357 2507 1610 2574 Prodigia
1638 2515 2012 2572 procurantur:
2047 2513 2103 2558 et
2138 2509 2190 2558 iu
2227 2509 2435 2573 Liguria
2459 2509 2521 2559 C.
2546 2509 2798 2560 Claudius

659 2585 849 2636 iterum
885 2601 968 2637 res
1007 2602 1258 2652 prospere
1292 2590 1441 2653 gerit.
1511 2593 1593 2638 17.
1624 2588 1821 2640 Eodem
1858 2595 2094 2654 tempore
2124 2589 2208 2639 Ti.
2240 2589 2575 2654 Sempronius
2614 2591 2799 2642 multis

659 2665 902 2716 secundis
939 2667 1130 2731 praeliis
1161 2667 1354 2719 Sardos
1392 2669 1686 2734 perdomat,
1722 2682 1891 2733 eoque
1930 2684 2066 2719 anuo
2094 2669 2146 2718 iu
2181 2670 2448 2734 provincia
2480 2684 2689 2722 manere
2704 2673 2798 2735 ju-

661 2745 833 2796 betur.
901 2747 962 2797 C.
997 2747 1238 2798 Valerius
1281 2748 1526 2799 Loevinua
1565 2750 1743 2799 consul
1780 2758 1989 2800 creatur
2009 2767 2025 2810 ;
2058 2757 2134 2817 et,
2172 2751 2349 2800 audita
2386 2751 2667 2802 rebellione
2707 2753 2799 2806 Li-

657 2840 858 2890 gurum,
893 2827 1046 2879 ambo
1078 2829 1315 2883 consules
1353 2830 1405 2879 in
1429 2829 1655 2881 Galliam
1680 2829 2088 2894 proficiscuntur.
2156 2833 2237 2881 18.
2272 2829 2424 2894 Inde,
2458 2833 2691 2882 exercitu
2728 2832 2793 2882 C.

660 2907 866 2958 Claudii
898 2916 1120 2975 accepto
1158 2911 1430 2979 copiisque
1465 2911 1667 2968 divisis,
1708 2909 1940 2962 diversas
1974 2910 2201 2976 Liguria
2225 2911 2461 2976 regiones
2486 2919 2701 2978 petunt:
2736 2921 2795 2964 et

659 2989 728 3042 Q.
752 2987 995 3041 Petiliius
1017 2991 1082 3041 ad
1104 2991 1321 3043 Balistoe
1340 2998 1396 3041 et
1417 2991 1536 3042 Leti
1559 2991 1761 3042 radices
1784 2991 1964 3042 missili
1988 2990 2241 3054 trajectus
2264 2989 2425 3041 cadit.
2696 3003 2701 3010 ·

591 3069 675 3118 19.
710 3068 963 3120 Romanos
985 3069 1112 3120 belli
1133 3070 1461 3120 Macedonici
1483 3069 1627 3120 subit
1660 3085 1805 3133 cura,
1839 3070 2091 3119 miscente
2113 3071 2308 3122 Perseo
2342 3071 2481 3120 inter
2510 3071 2792 3124 Dardanos

659 3145 1043 3212 Bastarnasque
1075 3151 1375 3198 certamina.
1439 3152 1524 3197 2⁰.
1557 3147 1805 3198 Antiochi
1837 3147 2121 3212 Epiphania
2144 3147 2405 3213 ingenium
2430 3149 2565 3200 male
2587 3165 2792 3214 sanum,

658 3225 748 3274 sed
785 3240 907 3277 vere
927 3228 1101 3290 regius
1137 3228 1336 3277 animus
1361 3227 1414 3277 iu
1437 3227 1641 3278 urbium
1666 3227 1813 3278 donis
1834 3233 1891 3278 et
1914 3227 2143 3278 Deorum
2168 3229 2311 3278 cultu
2332 3245 2345 3274 =
2386 3227 2623 3293 ejusdem
2644 3245 2791 3296 mag-

657 3305 811 3356 nifica
841 3307 1141 3370 spectacula
1177 3312 1234 3357 et
1273 3307 1439 3371 prima
1474 3307 1820 3370 gladiatorum
1854 3321 2088 3358 munera.
2152 3311 2235 3358 21.
2272 3307 2490 3358 sortitio
2531 3311 2793 3374 provinci-

656 3399 836 3448 arum;
868 3385 1138 3448 delectus3
1173 3387 1340 3450 gravis
1385 3387 1721 3450 pestilentia3
1769 3389 2086 3451 supplicatio
2128 3393 2185 3438 et
2228 3393 2403 3438 votum
2446 3403 2479 3437 a
2512 3390 2704 3454 populo
2735 3391 2790 3441 iu

655 3465 772 3516 foro
793 3474 1130 3530 conceptum3
1165 3465 1424 3531 prodigia.
1489 3471 1574 3517 22.
1609 3467 1794 3532 Legati
1817 3483 1848 3518 a
1869 3467 2067 3518 Perseo
2106 3467 2490 3532 Carthaginem,
2524 3476 2579 3517 et
2618 3485 2650 3519 a
2684 3472 2789 3520 Ro-

654 3546 819 3596 manis
856 3545 908 3596 in
938 3545 1301 3597 Macedoniam
1333 3547 1630 3598 mittunt-ur.
1698 3547 1808 3597 Per
1840 3547 1976 3598 idem
2012 3555 2215 3611 tempus
2246 3547 2472 3598 Perseus
2512 3549 2790 3613 Dolopiam

654 3625 846 3689 subigit
869 3625 1040 3684 annis,
1064 3632 1223 3692 utque
1246 3626 1548 3678 Graecorum
1572 3626 1667 3677 sibi
1690 3627 1934 3678 conciliet
1958 3627 2171 3684 animos,
2192 3633 2299 3678 tum
2322 3628 2435 3690 ipse
2456 3642 2551 3691 per
2574 3629 2790 3679 Phthio-

653 3703 838 3769 tidem,
857 3703 1107 3754 Achaiam
1130 3705 1556 3772 Thessaliamque
1577 3708 1679 3756 lter
1702 3705 1850 3770 facit,
1877 3713 1985 3757 tum
2008 3708 2084 3757 ad
2100 3707 2227 3756 alias
2249 3707 2488 3757 civitates
2509 3707 2707 3772 legatos
2729 3717 2787 3760 et

652 3785 830 3834 literas
865 3783 1048 3834 mittit.
1129 3789 1214 3835 23.
1260 3785 1576 3837 Alienissimi
1616 3786 1682 3837 ab
1718 3802 1781 3839 eo
1820 3795 1941 3838 sunt
1974 3787 2317 3836 Athenienses
2358 3793 2412 3836 et
2445 3786 2647 3839 Achaei.
2716 3790 2783 3839 In

651 3859 830 3913 horum
849 3865 1070 3915 concilio
1091 3865 1398 3917 Callicrates
1427 3879 1600 3932 regem
1624 3867 1957 3930 criminatur;
1990 3871 2072 3917 24.
2104 3881 2256 3932 quem
2286 3865 2444 3932 Areo,
2480 3865 2642 3918 frater
2673 3869 2783 3919 Xe-

653 3939 830 3993 narchi
869 3943 1109 4007 pmtoris
1131 3943 1385 3995 defendit.
1449 3951 1532 3997 25.
1569 3948 1862 3998 AEtolorum
1885 3947 2309 4012 Cretensiumque
2346 3947 2397 3996 in
2436 3954 2603 3998 semet
2635 3949 2783 4013 ipsos

651 4038 830 4074 versus
853 4023 998 4074 furor
1019 4026 1335 4077 auctoritate
1356 4027 1648 4090 legatorum
1672 4029 2017 4078 Romanorum
2040 4041 2142 4077 nou
2175 4025 2421 4077 sedatur:
2456 4033 2511 4076 et
2538 4027 2695 4092 Lycii
2714 4030 2782 4080 ab

653 4105 866 4155 Rhodiis
888 4103 1023 4155 bello
1047 4111 1316 4157 vexantur.
1381 4109 1470 4156 26.
1506 4106 1757 4159 Celtiberi
1801 4108 1869 4158 ab
1906 4108 2007 4173 Ap,
2034 4105 2255 4158 Claudio
2287 4105 2633 4158 debellantur.
2696 4115 2781 4164 27.

651 4183 1002 4236 Memorabilis
1035 4199 1247 4236 censura
1269 4187 1338 4240 Q·
1361 4187 1532 4238 Fulvii
1569 4189 1741 4239 Flacci
1778 4195 1833 4240 et
1867 4187 1935 4238 A.
1972 4187 2229 4238 Postumii
2262 4184 2461 4236 Albini.
2527 4187 2787 4250 Intestina

651 4264 1180 4318 bella·Pataviuornm
1203 4266 1612 4336 AEtoloru-que.
1675 4273 1759 4321 28.
1792 4267 2117 4336 supplicatio
2137 4267 2206 4319 ob
2232 4280 2315 4318 res
2338 4267 2405 4318 ab
2427 4265 2534 4333 Ap.
2555 4267 2785 4322 Claudia
