3177 4950
589 463 766 530 3412
1545 481 1617 527 τ.
1661 477 1850 528 mvn

591 620 890 704 degressi
906 620 1084 700 inde,
1111 621 1582 687 detraxerunt:
1607 609 1843 704 magis,
1870 619 2093 699 credo,
2124 639 2209 685 ne
2233 619 2501 685 vanitas
2524 617 2778 686 itineris

590 722 882 788 ludibrio
909 727 1111 805 esset,
1140 742 1343 807 quam
1373 723 1567 808 quod·
1593 724 1862 789 diversa
1906 722 2071 787 inter
2116 741 2191 786 se
2237 721 2455 787 maria
2484 729 2776 785 montes·-

591 843 726 908 que
774 829 846 888 et
904 842 1132 889 amnes
1179 843 1274 889 ex
1325 844 1460 891 uno
1508 825 1662 891 loco
1720 823 2029 908 conspici
2074 824 2434 908 potuerint.
2518 819 2781 886 Vex'ati

591 945 822 990 omnes
853 931 927 992 et
963 929 1116 990 ante
1145 925 1320 991 alios
1349 947 1476 992 rex
1504 927 1681 1010 ipse,
1710 945 1845 1009 quo
1884 926 2153 1009 gravior
2178 931 2384 989 aetate
2415 927 2579 1000 erat,
2610 921 2780 986 diffi-

589 1025 842 1093 cultate
870 1025 1004 1093 viee
1034 1034 1162 1091 est.
1251 1028 1532 1094 Duabus
1561 1015 1707 1093 aris'
1728 1029 1824 1093 ibi
1852 1027 1897 1092 J
1902 1029 2013 1092 ovi
2041 1033 2105 1092 et
2132 1027 2283 1092 Soli
2313 1023 2594 1092 sacratis
2622 1041 2777 1088 cum

581 1127 1024 1206 immolasset,
1041 1146 1175 1212 qua
1196 1128 1421 1194 triduo
1465 1128 1880 1208 ascenderat,
1903 1128 2111 1194 biduo
2136 1136 2185 1168 ¹¹
2234 1133 2339 1192 est
2374 1125 2777 1208 degressus,¹’

585 1227 831 1312 frigora
855 1234 1186 1294 nocturna
1210 1231 1502 1296 maxime
1533 1238 1862 1307 metuens,
1891 1247 2046 1314 quae
2084 1225 2413 1294 canicnloe
2459 1233 2611 1289 ortu
2630 1233 2657 1271 ‘¹
2687 1226 2777 1290 si·

586 1331 774 1396 milia
800 1329 1216 1395 brumalibus
1247 1335 1456 1394 erant.
1509 1330 1756 1396 Multis
1784 1351 1905 1415 per
1938 1348 2061 1395 eos
2089 1330 2234 1395 dies
2264 1320 2775 1392 difficultatibus

586 1431 1032 1510 conflictatus,
1063 1430 1273 1498 nihilo
1299 1432 1564 1498 loetiora
1612 1433 1683 1497 in
1731 1433 1971 1498 castris
2023 1431 2317 1510 invenit3
2364 1428 2481 1492 ubi
2512 1443 2777 1492 summa

581 1533 868 1615 penuria
909 1539 1079 1610 erat,
1107 1537 1182 1597 ut
1221 1534 1292 1596 in
1318 1535 1611 1618 regione,
1642 1552 1842 1618 quam
1891 1535 1979 1598 ab
2019 1531 2197 1597 omni
2242 1535 2433 1614 parte
2462 1527 2774 1594 solitudi-

581 1639 712 1698 'nes
737 1632 1142 1698 clauderent.
1215 1632 1450 1718 Itaque
1474 1653 1678 1699 unum
1702 1643 1954 1702 tantum
1978 1638 2277 1698 moratus
2300 1629 2499 1707 diem,
2525 1630 2773 1712 quietis

585 1752 810 1798 eorum
837 1753 1064 1812 causa,
1088 1754 1264 1820 quos
1293 1736 1623 1802 habuerat
1660 1757 1910 1816 secum,
1931 1738 2170 1802 itinere
2195 1735 2353 1800 inde
2375 1732 2577 1799 simili
2598 1730 2773 1812 fugae

583 1835 652 1900 in
683 1835 1120 1902 Dentheletos
1141 1843 1195 1875 ¹⁸
1233 1839 1647 1904 transcurrit.
1734 1831 2174 1917 Socii'erant;
2222 1836 2345 1900 sed
2375 1839 2648 1918 propter
2674 1835 2775 1900 in-

583 1938 811 2020 opiam
837 1935 1017 2001 haud
1047 1957 1245 2003 secus
1273 1957 1478 2022 quam
1508 1939 1800 2005 hostium
1830 1939 1995 2004 fines
2028 1937 2437 2004 Macedones
2466 1933 2777 2019 populati

583 2046 760 2104 sunt.
835 2037 1193 2122 Rapiendo
1222 2040 1398 2105 enim
1430 2041 1686 2125 passim
1708 2039 1909 2104 villas
1936 2039 2245 2122 primum,
2265 2037 2420 2102 dein
2440 2033 2771 2118 quosdam

580 2139 774 2203 vicos
817 2139 1021 2203 etiam
1063 2147 1463 2221 evastarunt,
1491 2161 1627 2206 non
1669 2142 1810 2206 sino
1850 2159 2087 2224 magno
2114 2139 2369 2225 pudore
2395 2135 2591 2218 reg-is,
2621 2153 2771 2200 cum

581 2240 922 2304 sociorum
942 2258 1169 2318 voces,
1188 2243 1635 2328 nequicquam
1661 2243 1855 2308 Deos
1877 2241 2165 2307 sociales
2186 2257 2551 2321 nomenque
2574 2256 2770 2304 sunm

579 2340 1031 2424 implorantes,
1059 2343 1336 2410 audiret.
1412 2345 1771 2410 Frumento
1801 2343 1955 2408 inde
1986 2343 2281 2420 sublato,
2305 2343 2373 2404 in
2404 2337 2768 2404 Maedicam

578 2459 936 2525 regressae,
965 2443 1221 2523 urbem,
1253 2465 1454 2529 quam
1500 2445 1769 2511 Petram
1814 2443 2197 2531 appellant,‘
2241 2460 2632 2526 oppugnare
2663 2448 2770 2507 est

579 2542 882 2609 adortus.
973 2544 1139 2628 Ipse
1169 2564 1212 2611 a
1238 2548 1595 2631 campestri
1628 2546 1815 2611 aditu
1842 2554 2063 2611 castra
2084 2544 2359 2629 posuit!
2440 2542 2767 2609 Perseum

575 2641 787 2707 filium
839 2664 994 2709 cum
1047 2646 1310 2712 modica
1354 2666 1556 2713 manu
1608 2648 2066 2725 circummisit,
2109 2653 2181 2710 ut
2230 2665 2273 2710 a
2312 2645 2768 2728 superioribus

574 2742 748 2808 locis
792 2745 1018 2809 urbem
1059 2748 1538 2829 aggrederetur.
1628 2748 1996 2832 Oppidani,
2022 2767 2173 2813 cum
2223 2752 2429 2811 terror
2468 2744 2767 2829 undique

573 2844 877 2925 instaret,
935 2846 1292 2913 obsidibus
1351 2850 1548 2930 datis,
1601 2851 1671 2915 in
1729 2849 2083 2935 praesentia
2141 2847 2533 2913 dediderunt
2588 2866 2766 2913 sese.

573 2944 816 3024 Iidem,
845 2950 1213 3035 postquam*
1241 2952 1579 3017 exercitus
1620 2952 1916 3027 recessit,
1946 2948 2135 3015 obliti
2170 2945 2505 3025 obsidum,
2533 2948 2767 3013 relicta

575 3045 760 3123 urbe,
809 3048 883 3111 in
932 3044 1084 3114 loca
1136 3050 1395 3116 munita
1447 3060 1521 3117 et
1561 3060 1823 3118 montes
1872 3050 2269 3133 refugerunt.
2373 3046 2762 3133 Philippus,

635 3224 653 3259 Ι
683 3226 762 3276 Ab
779 3240 836 3278 e«
853 3234 996 3293 pone
1011 3243 1106 3293 qus
1122 3230 1236 3281 urbs
1249 3246 1340 3296 per
1351 3232 1605 3297 plait&-
1628 3234 1873 3285 adibatur.

1485 3373 1575 3397 m
1583 3373 1855 3397 ΜΟΟ

570 3473 628 3518 et
667 3471 844 3519 s.—11
881 3468 1175 3522 [metasset
1206 3472 1482 3538 (quatriduo
1511 3474 1809 3542 excuderet)
1850 3476 2007 3539 biduo,
2038 3476 2120 3539 &¹0-
2154 3473 2275 3525 edd.
2310 3478 2431 3523 aute
2462 3474 2640 3537 Sigon.
2672 3472 2763 3537 qni

570 3533 850 3583 tollendam
875 3536 1220 3597 parenthesim
1246 3545 1418 3601 putat,
1437 3546 1492 3587 et
1515 3541 1789 3615 legendnm
1810 3542 1893 3605 qui
1912 3542 2073 3591 triduo
2088 3556 2183 3607 aa„
2204 3540 2366 3602 biduo,
2388 3541 2599 3603 &ta—12
2632 3540 2765 3588 Den-

571 3598 774 3648 :heum
795 3598 958 3649 Gron.
982 3600 1199 3665 Doujat.
1261 3602 1579 3655 Det-amem
1598 3606 1752 3656 Crev.

1565 3763 1787 3817 NOTAE

571 3884 576 3890 .
633 3854 662 3889 ν
690 3846 852 3898 Biduo
879 3854 954 3900 ece
993 3850 1269 3919 degressus]
1313 3855 1402 3907 Ita
1436 3858 1620 3923 Sigon.
1699 3868 1788 3911 eet
1808 3856 2287 3923 caniculoe,frissora
2310 3864 2483 3909 tamen
2503 3864 2759 3909 nocturna

569 3929 819 3986 correxit,
841 3940 956 3978 cum
977 3936 1136 3982 antes
1159 3934 1423 3998 legeretur
1435 3938 1619 4001 digm-
1700 3940 1755 3989 in
1772 3936 1915 3989 edito
1934 3937 2027 3987 illo
2048 3946 2229 3990 monte
2252 3949 2355 3989 non
2372 3935 2571 3985 minora
2590 3940 2762 3997 erant,

567 4016 678 4062 ω,-
727 4004 968 4055 observat
1001 4006 1140 4056 enlm
1177 4012 1426 4063 madere
1458 4024 1514 4066 et
1543 4016 1623 4067 dt·
1672 4029 1851 4082 „quam
1866 4012 1991 4064 alibi
2016 4018 2247 4075 ternpore
2267 4010 2517 4075 hyberno.

563 4080 707 4138 gredi
741 4080 1005 4132 contraria
1035 4096 1137 4133 non
1172 4098 1300 4149 esse,
1335 4090 1426 4139 sed
1459 4106 1623 4144 ωει-
1766 4098 1787 4126 ·’
1820 4092 1979 4145 Qnuus
2032 4088 2225 4137 Petren-
2274 4084 2533 4149 oppellne]
2596 4084 2760 4135 Plura

567 4154 680 4201 dm
699 4160 756 4203 et
775 4156 990 4218 degredi,
1009 4158 1108 4209 hoe
1127 4166 1224 4217 est,
1237 4162 1574 4218 descendere.
1703 4174 1823 4217 snut
1838 4165 1939 4213 hoc
1959 4162 2167 4213 nomine
2181 4162 2395 4226 oppida,
2415 4162 2469 4211 in
2486 4160 2687 4223 Sicilia,
2702 4161 2755 4215 ia

630 4234 656 4269 ⁸
691 4228 813 4284 Qua
831 4232 1061 4283 unica·
1080 4236 1214 4301 ortu]
1251 4238 1504 4292 Qua-vt·
1531 4242 1623 4293 ad·
1701 4240 1917 4297 Arabia.
1970 4240 2025 4288 iu
2074 4237 2353 4302 Sogdiana,
2398 4237 2544 4289 alibi.
2620 4237 2755 4301 Huc

567 4300 678 4357 ulta
687 4303 800 4370 jam
819 4314 954 4359 earet
977 4318 1150 4378 astu,
1169 4312 1267 4365 sub
1285 4322 1458 4368 ortum
1483 4318 1624 4369 scili·
1700 4316 1923 4370 Moedion
1940 4316 2115 4368 minus
2137 4314 2440 4383 geographi·
2456 4313 2684 4379 cozum-
