3177 4950
574 415 752 482 34⁰6
1511 429 1580 477 φ.
1630 424 1817 476 mvn

579 575 786 640 derat.
833 568 1418 655 Carthaginienses
1439 589 1520 634 eo
1541 586 1719 635 anno
1740 567 2111 636 Masinissa
2127 571 2501 656 expulerat.
2555 573 2761 640 Haud

577 679 828 742 minore
855 673 1222 738 certamine
1251 671 1645 749 animorum,
1676 690 1879 754 quam
1910 691 2063 736 cum
2090 673 2260 738 ferro
2292 681 2363 738 et
2390 675 2539 739 acie
2570 675 2765 742 dimi-

578 782 832 852 carent,
875 793 986 839 res
1030 781 1186 840 anta
1231 772 1416 856 apud
1461 771 1837 836 Romanos.
1926 773 2535 858 Carthaginienses,
2582 777 2769 859 quod

577 881 795 962 primo
840 875 1168 959 majorum
1207 893 1482 940 suorum
1527 874 1793 951 fuisset,
1824 874 2063 940 deinde
2107 877 2193 942 ab
2222 875 2535 960 Syphace
2568 878 2653 942 ad
2686 899 2763 942 se
2792 943 2799 956 ,

574 979 1008 1064 pervenisset,
1035 975 1440 1060 repetebant.
1532 973 1925 1054 Masinissa,
1954 979 1975 1011 ⁴
2008 977 2261 1059 paterni
2306 979 2489 1058 regni
2534 997 2765 1060 agrum

575 1101 648 1146 se
667 1088 734 1145 et
756 1081 1117 1163 recepisse,
1139 1084 1212 1143 et
1228 1076 1473 1141 habere
1492 1077 1647 1161 jure
1677 1077 2010 1158 gentium:
2040 1079 2289 1156 aiebat,
2316 1083 2335 1114 ⁸
2356 1086 2423 1144 et
2442 1095 2675 1156 causa,
2696 1085 2765 1144 et

577 1182 1018 1265 possessione
1059 1177 1460 1262 superiorem
1495 1195 1669 1242 esse.
1760 1175 1953 1242 Nihil
1978 1179 2161 1244 aliud
2194 1197 2269 1243 se
2299 1181 2363 1244 in
2396 1199 2477 1244 ea
2504 1180 2765 1263 discep⁴

577 1285 826 1349 tatione
853 1291 1166 1360 metuere,
1195 1299 1395 1364 quam
1425 1298 1507 1344 ne
1535 1278 1753 1361 pudor
1780 1277 2257 1358 Romanorum,
2298 1282 2455 1346 dum
2492 1300 2763 1346 verean-

577 1393 704 1462 tur,
751 1405 836 1450 ne
880 1384 1041 1468 quid
1089 1384 1278 1448 sosio
1321 1389 1526 1476 atque
1569 1383 1791 1446 amico
1834 1383 1970 1464 regi
2016 1381 2345 1446 adversus
2380 1402 2767 1448 communes

579 1507 746 1552 suos
777 1496 978 1570 atque
1013 1487 1196 1551 illius
1225 1483 1456 1550 hostes
1483 1484 1853 1550 indulsisse
1887 1483 2254 1560 videantur,
2288 1483 2533 1548 damno
2564 1485 2693 1550 sit.’
2714 1493 2765 1524 ¹¹

579 1589 820 1671 Legati
871 1587 1315 1673 possessionis
1353 1587 1474 1672 jus
1523 1606 1659 1652 nou
1702 1592 2069 1652 mutarunt:
2132 1605 2405 1650 eausam
2450 1587 2766 1670 integram

581 1689 866 1754 Romam
897 1689 984 1755 ad
1015 1696 1316 1755 senatum
1347 1689 1738 1774 rejecerunt.
1827 1689 1911 1752 In
1941 1689 2301 1769 Liguribus
2326 1687 2491 1751 nihil
2524 1695 2767 1770 postea

579 1797 856 1870 gestum.
945 1789 1390 1856 Recesseraut
1439 1789 1721 1873 primurn
1768 1789 1835 1852 in
1888 1789 2121 1853 devios
2173 1788 2427 1852 saltus:
2502 1789 2764 1866 deinde,

575 1893 852 1958 dimisso
899 1894 1222 1970 exercitu,
1267 1892 1524 1975 passim
1567 1893 1637 1954 in
1675 1892 1867 1956 vicos
1908 1889 2327 1974 castellaque
2368 1908 2495 1954 sua
2522 1889 2765 1972 dilapsi

579 1999 752 2058 sunt.
839 1993 1180 2058 Consules
1209 2010 1474 2076 quoqne
1515 1992 1853 2057 dimittere
1888 1995 2259 2074 exercitum
2289 1992 2656 2068 voluerunt,
2686 2011 2767 2056 ac

577 2095 664 2158 de
711 2113 791 2157 ea
837 2111 904 2156 re
955 2094 1192 2159 Patres
1235 2092 1732 2158 cousuluerunt.
1824 2093 2131 2157 Alterum
2176 2111 2265 2156 ex
2308 2093 2435 2170 his,
2482 2090 2769 2157 dimisso

577 2198 898 2272 exercitu,
925 2197 1012 2261 ad
1041 2193 1462 2278 magistratus
1489 2196 1558 2258 in
1590 2213 1833 2260 annum
1866 2193 2189 2259 creandos
2223 2194 2445 2258 venire
2474 2192 2765 2258 Romam

567 2298 955 2382 jusserunt3
1018 2297 1293 2362 alterum
1351 2315 1504 2362 cum
1561 2295 1941 2378 legionibus
1998 2296 2139 2358 suis
2201 2295 2385 2360 Pisis
2438 2295 2767 2379 hyemare.

583 2399 797 2464 Fama
827 2407 992 2478 erat,
1019 2396 1262 2465 Gallos
1299 2397 1791 2482 Transalpinos
1823 2396 2245 2481 juventutem
2274 2417 2569 2478 armam3
2615 2417 2773 2474 nec,

577 2504 646 2567 in
672 2520 870 2585 quam
898 2500 1242 2582 regionem
1287 2500 1506 2566 Italiae
1553 2500 1845 2565 effusura
1874 2520 1949 2565 se
1978 2500 2333 2565 multitudo
2364 2506 2567 2575 esset,
2598 2502 2769 2565 scie-

577 2606 799 2667 batur.
889 2598 1000 2665 Ita
1027 2600 1194 2665 inter
1233 2620 1306 2664 se
1345 2600 1661 2665 consules
1700 2607 2191 2684 compararunt,
2222 2608 2294 2667 ut
2334 2602 2460 2667 Cn.
2488 2602 2771 2668 Baebius

579 2705 664 2770 ad
717 2703 999 2767 comitia
1050 2704 1199 2778 iret,
1243 2704 1405 2785 quia
1449 2700 1552 2766 M.
1586 2700 1867 2781 Baebius
1912 2702 2111 2768 frater
2153 2702 2309 2786 ejus
2349 2706 2766 2768 consulatum

579 2806 882 2889 petebat.

663 2904 771 2970 18.
816 2904 1109 2970 Comitia
1131 2903 1526 2969 consulibus
1557 2903 1871 2985 rogandis
1900 2903 2095 2967 fuere.
2168 2904 2387 2970 Creati
2419 2905 2499 2970 P.
2518 2906 2769 2971 Corne·

579 3008 715 3073 lius
759 3004 1112 3087 Cethegus,
1160 3004 1258 3067 M.
1300 3003 1580 3069 Baebius
1624 3005 2151 3088 Tamphilus.¹⁸‘
2240 3006 2572 3072 Praetores
2616 3009 2769 3073 inde

579 3109 765 3185 faeti,
824 3107 957 3170 duo
1007 3105 1098 3184 Q.
1149 3106 1370 3182 Fabii,
1419 3104 1765 3171 Maximus
1822 3116 1891 3170 et
1943 3108 2179 3181 Buteo,
2228 3107 2335 3172 Ti.
2378 3108 2767 3173 Claudius¹¹

582 3208 787 3285 Nero,
842 3204 931 3285 Q.
974 3205 1288 3271 Petillius
1343 3206 1701 3287 Spurinus,
1756 3204 1854 3272 M.
1886 3207 2198 3273 Pinarius
2232 3206 2475 3287 Posca,
2516 3211 2594 3274 L.
2634 3210 2769 3273 Du-

577 3311 830 3375 ronius.
919 3308 1079 3385 His,
1112 3307 1275 3373 inito
1305 3309 1714 3387 magistratu,
1754 3309 2127 3392 provincioe
2178 3310 2273 3375 ita
2316 3318 2491 3377 sorte
2534 3331 2770 3376 evene-

578 3418 752 3477 runt.
870 3409 1152 3492 Ligures
1209 3408 1637 3499 consulibus3
1695 3413 2119 3495 praetoribus,
2180 3409 2272 3489 Q.
2330 3412 2603 3477 Petillio
2667 3433 2770 3475 ur-

580 3515 781 3588 bana,
826 3508 915 3589 Q.
973 3510 1185 3575 Fabio
1251 3510 1563 3575 Maximo
1623 3513 1991 3595 peregrina.
2060 3511 2153 3590 Q.
2209 3512 2427 3579 Fabio
2478 3514 2773 3579 Buteoni

579 3612 889 3691 Gallia,¹⁴
915 3612 1022 3677 Ti.
1054 3610 1347 3677 Claudio
1394 3612 1656 3678 Neroni
1696 3613 1954 3694 Sicilia,
2001 3612 2098 3679 M.
2127 3614 2399 3679 Pinario
2440 3614 2771 3692 Sardinia,

1499 3739 1858 3767 Oeeneeooeoo

649 3816 706 3860 11
743 3810 934 3861 murno
955 3810 1048 3859 eibi
1067 3812 1131 3859 eit
1154 3811 1290 3874 conj.
1310 3810 1512 3877 Duker.

647 3878 710 3923 u
744 3874 759 3901 ‘
780 3874 1124 3935 Pamphilum,
1148 3889 1248 3923 non
1271 3874 1619 3937 Tamphilum,
1656 3872 1816 3925 fuisse
1859 3888 2143 3939 cognomen
2166 3874 2360 3926 Bobiae
2384 3874 2572 3939 gentis,
2596 3870 2773 3925 mouet

581 3938 752 3989 Hard.
821 3936 882 3987 ln
908 3940 1071 3987 Fastis
1094 3938 1266 4002 Cupit.
1291 3940 1532 3989 scribitur
1555 3940 1847 4004 Tamphilus.
1870 3938 1922 3988 in
1946 3952 2149 3988 mumma
2175 3940 2342 4003 genti·
2366 3940 2557 3989 Boebiae
2582 3940 2773 4002 Tampi-

581 4004 671 4054 lus.
741 4000 845 4052 Pro
861 4002 1101 4063 cethegus
1120 4016 1295 4052 omues
1321 4004 1450 4053 Mas.
1471 4014 1522 4053 er
1547 4004 1667 4057 edd,
1694 4012 1828 4054 antt.
1850 4003 2111 4054 Lentulus!
2152 4004 2493 4067 Ruperte—-la
2520 4006 2579 4053 G.
2600 4005 2771 4054 Cla-d.

582 4068 742 4117 Gron.
781 4068 990 4131 Donjar.
1030 4068 1313 4117 Crem-14
1347 4069 1362 4095 ‘
1389 4070 1466 4118 Ex
1492 4082 1639 4118 more
1660 4069 1811 4131 Livii,
1850 4066 2046 4125 Quinti·
2069 4068 2237 4119 Fabii·
2258 4070 2477 4120 Murano
2497 4068 2770 4134 peregrim,

1566 4192 1781 4243 NOTAE

1440 4274 1467 4301 ⁶
1505 4274 1568 4324 Α.
1596 4275 1660 4324 U.
1684 4274 1739 4324 C.
1766 4278 1882 4323 572.
