3177 4950
600 391 779 462 afflss
1514 407 1585 456 ϊ.
1634 407 1826 458 mvn

608 550 833 618 cendit
880 551 1075 642 militi
1132 551 1418 630 animos,
1462 559 1826 636 postquam
1882 567 2208 615 summam
2251 547 2414 614 belli
2459 565 2544 614 ae
2591 551 2818 633 regias

604 671 839 718 omnes
882 651 1123 734 copias
1168 659 1541 736 terramque
1588 653 1905 718 hostilem
1954 659 2104 719 tam·
2137 671 2178 716 e
2221 653 2602 736 propinquo
2649 673 2822 716 con·

608 755 993 838 spexerunt.
1048 753 1293 838 Itaque
1326 773 1473 819 cum
1506 754 1788 834 alac-res,
1818 759 2134 837 protenus
2164 754 2434 818 duceret
2455 754 2542 817 ad
2575 761 2818 817 castra

606 855 926 933 hostium,
985 854 1331 918 consulem
1372 854 1841 934 hortat-cutum
1897 853 2042 917 dies
2093 871 2269 916 unus
2319 853 2524 916 sessis
2567 852 2820 917 labore

603 959 737 1022 viae
791 955 879 1020 ad
934 955 1223 1039 quietem
1272 955 1471 1019 datus
1532 962 1656 1020 est.
1745 955 1980 1020 Tertio
2027 954 2162 1031 die,
2215 959 2408 1037 parto
2457 955 2814 1038 copiarum

602 1057 691 1122 ad
724 1057 1111 1141 praesidium
1142 1063 1511 1122 castrorum
1540 1057 1797 1134 relicta,
1827 1057 2060 1122 consul
2091 1055 2178 1120 ad
2206 1056 2466 1120 hostem
2499 1053 2712 1120 ducit.

688 1161 753 1222 4.
798 1157 1099 1243 Hippias
1144 1177 1353 1242 nuper
1404 1159 1490 1223 ad
1544 1158 1870 1224 tuendum
1921 1158 2168 1224 saltum
2213 1159 2300 1222 ab
2346 1177 2500 1240 rege
2549 1159 2814 1222 missus

604 1266 789 1339 erat3
848 1261 990 1344 qui,
1036 1281 1127 1325 ex
1172 1279 1312 1345 quo
1355 1269 1576 1324 castra
1625 1259 1937 1325 Romana
1987 1260 2057 1323 in
2109 1259 2364 1324 tumulo
2413 1261 2812 1343 conspexit,

602 1361 1005 1446 praeparatis
1058 1361 1144 1427 ad
1190 1367 1518 1426 certamen
1568 1361 1810 1425 animis
1863 1377 2159 1439 suorum,
2211 1359 2504 1424 venienti
2555 1361 2812 1442 agmini

604 1464 901 1528 consulis
960 1463 1199 1529 obvius
1256 1463 1401 1528 fuit.
1515 1461 1603 1528 Et
1661 1463 1955 1528 Romani
2013 1461 2454 1546 expediti-ad
2507 1480 2814 1544 pugnam

602 1565 925 1643 exierant,
972 1571 1042 1629 et
1084 1563 1335 1630 hostes.
1425 1563 1626 1629 Levis
1679 1572 2016 1629 armatura
2072 1571 2234 1643 erat,
2281 1563 2814 1646 promtissimam

604 1685 811 1748 genus
852 1668 935 1732 ad
980 1665 1447 1733 lacessendum
1476 1675 1833 1733 certamen.
1925 1666 2282 1748 Congressi
2312 1666 2512 1748 igitar
2542 1671 2814 1728 extem·

602 1767 721 1852 plo
768 1768 905 1834 tela
942 1770 1385 1853 conjecerunt.
1475 1767 1699 1833 Multa
1745 1769 2077 1852 utrimque
2127 1767 2402 1832 vulnera
2447 1767 2812 1832 temerario

602 1869 875 1934 incursu
896 1883 919 1910 ⁶
962 1877 1031 1934 et
1060 1877 1369 1953 accepta,
1398 1877 1469 1933 et
1498 1869 1727 1934 illata:
1773 1871 1978 1953 pauci
2009 1870 2354 1952 utriusque
2383 1870 2592 1950 partis
2619 1869 2816 1931 ceci-

604 1972 865 2038 deruut.
954 1971 1241 2036 Iri-itatis
1280 1969 1355 2034 in
1396 1965 1736 2054 posterum
1783 1971 1962 2036 diem
2004 1971 2270 2048 animis,
2298 1969 2660 2054 majoribus
2691 1988 2810 2033 co-

603 2072 737 2154 piis
784 2079 980 2156 atque
1026 2062 1332 2136 infestius
1374 2079 1885 2138 concursum¹³⁸
1927 2073 2014 2136 ab
2053 2070 2219 2147 illis,
2252 2071 2314 2133 si
2341 2069 2479 2133 loci
2509 2069 2681 2134 satis
2715 2069 2810 2134 ad

602 2169 1077 2255 explicandam
1130 2172 1341 2236 aciem
1392 2169 1666 2236 suisset:
1712 2173 1944 2256 jugum
2003 2172 2274 2249 montisi,
2325 2170 2394 2235 in
2450 2177 2816 2251 angustum

603 2263 874 2336 dorsum'
906 2278 1287 2344 cuneatum,
1308 2271 1425 2334 vix
1456 2273 1656 2336 ternis
1686 2271 2036 2336 ordinibus
2059 2277 2456 2336 armatorum
2485 2271 2554 2334 in
2585 2271 2808 2334 fronte

601 2375 845 2458 patuit.
934 2373 1181 2457 Itaque
1212 2371 1448 2455 paucis
1472 2373 1948 2455 pugnantibus,
1978 2378 2195 2438 cetera
2225 2372 2602 2450 multitudo,
2631 2391 2811 2456 prae-

603 2478 805 2562 cipue
850 2475 969 2560 qui
1012 2475 1311 2558 gravium
1356 2492 1688 2540 armorum
1719 2480 1922 2554 erant,
1951 2478 2360 2558 spectatores
2387 2492 2630 2557 pugnae
2663 2482 2808 2539 sta-

600 2579 785 2643 bant.
860 2578 1065 2642 Levis
1096 2583 1430 2642 armatura
1456 2578 1658 2640 etiam
1688 2595 1811 2660 per
1840 2576 2202 2642 amfractus
2222 2575 2366 2659 jugi
2389 2594 2808 2658 procurrere,

602 2685 673 2742 et
716 2677 805 2741 ab
842 2676 1163 2741 lateribus
1210 2697 1363 2743 cum
1404 2677 1537 2741 levi
1578 2684 1912 2742 armatura
1952 2684 2384 2755 conserere,¹⁴
2421 2678 2808 2762 periniqua

600 2791 809 2863 atque
856 2798 1057 2864 oequa
1100 2780 1257 2845 loca
1302 2798 1592 2862 pugnam
1639 2786 1908 2861 petere:
1955 2798 2040 2843 ac
2081 2780 2382 2861 pluribus
2407 2797 2490 2842 ea
2519 2778 2630 2843 dio
2663 2782 2810 2845 vul·

598 2882 870 2958 noratis,
894 2901 1091 2965 quam
1123 2882 1504 2960 interfectis,
1526 2881 1830 2965 praelium
1853 2888 2053 2946 nocte
2077 2880 2423 2945 diremtum
2445 2888 2573 2946 est.
2635 2882 2810 2946 Ter-

599 2984 701 3049 tio
748 2984 859 3048 die
906 3003 1103 3067 egere
1154 2983 1445 3048 consilio
1502 2980 1858 3048 Romanus
1909 2984 2312 3067 imperator:
2375 3002 2527 3047 nam
2587 3003 2810 3068 neque

601 3104 864 3150 manere
909 3086 980 3149 in
1015 3084 1183 3168 jugo
1230 3086 1445 3170 inopi,
1492 3104 1708 3168 neque
1757 3086 2010 3168 regredi
2062 3086 2206 3149 siue
2251 3085 2549 3167 flagitio‘
2591 3094 2806 3170 atque

630 3352 651 3395 ε
670 3288 692 3315 ⁴²
728 3282 999 3410 Οὲιιῗνρσιὲα
986 3282 1277 3341 inordinato,
1298 3298 1381 3333 seu
1394 3286 1570 3335 tenere
1593 3282 1702 3333 hine
1721 3285 1834 3334 inde
1851 3284 2195 3349 pugna-abu,
2213 3298 2306 3333 non
2327 3283 2520 3347 «guin
2539 3283 2807 3349 indracto,

601 3362 629 3397 e
678 3362 763 3395 eon
790 3362 845 3396 er
866 3362 893 3395 ο
998 3362 1041 3396 e.

668 3559 731 3605 ¹³
769 3556 1124 3606 concurrissent
1144 3556 1347 3607 emend.
1368 3557 1665 3609 cmm—1⁴
1701 3560 1857 3609 Crev.
1893 3559 2150 3610 excidisse
2187 3566 2341 3623 putat
2373 3574 2538 3610 mm
2567 3562 2654 3611 vel
2677 3576 2808 3625 pug-

603 3636 746 3677 num·
778 3628 833 3669 et
870 3620 1120 3681 ejusmodi
1193 3622 1275 3670 uid
1314 3636 1379 3671 ex
1418 3638 1527 3687 seq.
1556 3638 1718 3686 pugna
1740 3624 2010 3674 commode
2031 3626 2200 3689 repeti
2235 3640 2388 3689 posse
2422 3633 2572 3689 putat
2595 3627 2804 3676 Ernest-

602 3684 694 3733 ued
720 3684 875 3735 Doer.
902 3686 1045 3734 ntulit
1065 3699 1147 3732 eon
1186 3686 1346 3746 ieet-e,-
1384 3694 1441 3737 et
1478 3701 1599 3737 mox
1634 3686 1770 3739 idem
1798 3690 1868 3740 sio
1901 3704 1997 3755 pro
2023 3704 2096 3739 uc.
2163 3691 2382 3754 Rupert.
2405 3690 2542 3754 conj.
2575 3706 2682 3740 cun
2711 3690 2808 3741 leui

1588 3852 1806 3903 NOTAE

667 3954 687 3980 ⁸
723 3944 1034 4007 Concursum]
1079 3944 1279 4007 Supple
1310 3952 1471 3996 esset.
1536 3946 1660 3997 Huc
1739 3948 1962 3998 bendum
1999 3948 2099 3999 line
2135 3946 2198 3997 τὸ
2226 3952 2436 4010 poterae,
2467 3947 2608 4012 qnod
2647 3948 2804 4012 paulo

608 4020 743 4071 euim
766 4033 971 4085 qnoque
992 4018 1326 4069 referendum
1348 4022 1661 4081 verbumst·
1741 4034 1861 4088 poet
1897 4026 2148 4091 sequitur,
2189 4030 2250 4072 ut
2289 4025 2556 4087 pertineat
2593 4032 2702 4073 tam
2737 4026 2806 4073 ad

603 4095 785 4156 iunge
811 4094 1012 4157 periodi
1049 4093 1189 4145 fine:
1222 4095 1359 4159 quod
1394 4098 1543 4161 quasi
1582 4098 1660 4147 bis
1741 4102 2100 4164 imperatorem
2158 4098 2469 4156 Romanum,
2525 4114 2678 4165 quam
2737 4101 2804 4150 ad

605 4172 831 4237 positum
853 4172 1071 4236 intelligi
1094 4172 1271 4223 debet.
1739 4177 1965 4239 hostem,
1987 4176 2251 4225 Perseum.

668 4250 685 4281 ⁸
716 4247 881 4311 Neque
914 4250 1104 4311 recredi
1124 4250 1237 4301 'aine
1260 4250 1487 4316 flagitio]
1528 4250 1660 4303 'sta-
