3177 4950
656 411 831 480 3684
1594 421 1666 470 ϊ.
1711 419 1906 470 mvn
1999 453 2006 460 .

662 567 827 632 belli
876 563 1168 642 trahere,
1209 559 1666 646 interrupisse.
1748 560 2051 626 Tertium
2085 579 2158 624 se
2185 577 2434 626 aunum
2455 561 2686 626 multa
2713 561 2860 643 ejus

662 667 1091 734 incommoda
1119 665 1284 731 belli
1314 665 1583 730 sentire.
1675 660 1855 727 Mari
1885 661 2274 740 intercluso,
2303 662 2536 745 inopia
2560 661 2862 726 insulam

664 771 904 852 premi,
932 767 1199 832 amissis
1226 765 1579 831 maritimis
1611 763 2050 846 vectigalibus
2083 769 2288 846 atque
2331 765 2868 828 commeatibus.

666 871 841 934 Cum
872 867 941 934 id
971 869 1151 933 ultr'a
1179 868 1327 952 pati
1357 885 1491 930 non
1532 872 1839 950 possent,
1885 863 2152 947 legatos
2181 865 2358 929 alios
2387 863 2475 929 ad
2506 864 2766 930 Persea
2795 865 2868 928 in

670 969 1145 1036 Macedoniam
1176 969 1461 1045 misisse,
1488 967 1606 1050 qui
1631 968 1695 1032 ei
1738 966 2219 1043 denuntiarent,
2245 965 2538 1031 Rhodiis
2563 965 2868 1049 placere,

668 1089 909 1154 pacem
954 1088 1107 1134 eum
1152 1086 1555 1152 componere
1599 1087 1752 1133 cum
1784 1066 2110 1132 Romanis
2133 1087 2165 1132 :-
2199 1085 2276 1130 se
2305 1065 2594 1130 Romam
2619 1067 2870 1131 eadem

666 1172 1051 1238 nuntiatum
1080 1171 1343 1236 missos.
1431 1169 1565 1234 Per
1586 1187 1760 1253 quos
1779 1170 2100 1248 stetisset,
2123 1187 2258 1252 quo
2277 1167 2495 1231 minus
2515 1167 2688 1231 belli
2707 1167 2874 1232 finis

668 1272 872 1350 fieret,
918 1273 1237 1338 adversus
1292 1291 1415 1336 eos
1466 1272 1628 1355 quid
1679 1271 1813 1336 sibi
1853 1269 2230 1335 faciendum
2284 1275 2490 1344 esset,
2551 1265 2872 1333 Rhodios

672 1373 1199 1439 consideraturos
1256 1371 1451 1438 esse!
1534 1371 1648 1437 Ne
1702 1391 1878 1436 nuuc
1933 1369 2206 1456 quidem
2253 1370 2402 1436 haec
2451 1369 2602 1434 sine
2643 1368 2871 1452 indig-

670 1476 945 1544 natione
986 1477 1119 1557 legi
1164 1474 1467 1540 audirive
1508 1494 1742 1559 posse,
1793 1475 2043 1538 certum
2089 1471 2331 1538 habeo.
2415 1469 2590 1536 Inde
2629 1471 2874 1535 existi-

672 1573 840 1641 mari
868 1582 1117 1660 potest,
1148 1576 1262 1660 qui
1288 1574 1555 1642 habitus
1584 1577 1950 1640 animorum
1981 1571 2412 1639 audientibus
2433 1591 2518 1638 ea
2543 1571 2878 1638 Patribus

677 1677 897 1743 fuerit.
2169 1693 2182 1708 ¹
2239 1725 2250 1734 .

760 1779 872 1842 1⁵.
914 1775 1261 1854 Claudius,
1300 1777 1464 1843 nihil
1492 1797 1902 1863 responsum,
1929 1783 2163 1843 auctor
2199 1785 2355 1857 est3
2383 1783 2642 1844 tautum
2673 1795 2876 1843 sena-

676 1888 791 1946 tus
818 1877 1196 1944 consultum
1236 1880 1608 1957 recitatum,
1642 1898 1778 1963 quo
1807 1877 2024 1943 Caras
2061 1885 2130 1943 et
2159 1878 2406 1962 Lycios
2432 1879 2686 1943 liberos
2717 1897 2878 1942 esse

668 1979 937 2064 juberet
986 1980 1278 2063 populus
1324 1977 1693 2056 Romanus,
1720 1979 2080 2064 literasque
2121 1981 2464 2064 extemplo
2495 1979 2584 2044 ad
2627 1987 2878 2044 utram-

678 2100 815 2164 que
844 2087 1103 2162 gentem
1136 2077 1177 2120 *
1212 2081 1455 2145 scirent
1476 2079 1529 2120 ¹⁶
1578 2079 1950 2146 indicatum
1993 2081 2170 2145 mitti
2193 2078 2251 2143 :¹
2295 2100 2438 2164 qua
2485 2081 2729 2145 audita
2775 2099 2878 2157 re,

679 2180 1049 2262 principem
1110 2179 1493 2262 legationis,
1550 2180 1743 2264 cujus
1809 2181 2446 2266 magniloquentiam
2501 2182 2621 2245 vix
2677 2183 2878 2246 curia

678 2279 888 2364 paulo
930 2286 1083 2344 aute
1126 2287 1423 2362 ceperat,
1465 2281 1822 2344 corruisse.
1909 2279 2052 2346 Alii
2097 2301 2500 2365 responsum
2541 2301 2698 2347 esse
2741 2292 2876 2348 tra-

682 2380 869 2460 dunt,
916 2385 937 2416 ‘
962 2380 1306 2464 Populum
1354 2379 1740 2446 Romanum
1781 2387 1852 2448 et
1899 2383 2228 2467 principio
2259 2383 2468 2467 ’hujus
2505 2383 2664 2448 belli
2692 2383 2880 2448 haud

682 2484 876 2549 vanis
920 2486 1306 2549 auctoribus
1348 2491 1760 2568 compertum
1799 2485 2137 2564 habuisse,
2165 2484 2480 2549 Rhodios
2507 2502 2662 2548 cum
2705 2482 2876 2549 Per·

683 2603 805 2649 seo
834 2602 993 2665 rege
1036 2582 1359 2649 adversus
1387 2602 1523 2647 rem
1552 2585 1894 2667 publicam
1927 2604 2120 2649 suam
2155 2585 2428 2650 occulta
2453 2584 2748 2650 consilia
2777 2586 2878 2648 in·

686 2686 861 2764 isse;
913 2691 1008 2761 et,
1040 2684 1101 2747 si
1130 2683 1199 2747 id
1228 2692 1380 2749 ante
1400 2693 1451 2737 ¹⁷
1482 2686 1762 2751 dubium
1791 2687 2048 2764 fuisset,
2078 2687 2446 2768 legatorum
2475 2685 2687 2769 paulo
2719 2690 2881 2750 aute

685 2785 895 2849 verba
922 2784 1008 2848 ad
1042 2790 1295 2849 certum
1342 2787 1688 2869 redegisse
1708 2800 1769 2867 3⁰
1819 2792 1892 2852 et
1919 2788 2312 2871 plerumque
2341 2788 2558 2869 ipsam
2591 2806 2668 2849 se
2695 2786 2878 2853 frau-

686 2883 861 2963 dem,
888 2886 1145 2950 etiamsi
1175 2886 1363 2951 initio
1392 2888 1650 2952 cautior
1680 2888 1893 2964 fuerit,
1923 2886 2255 2968 detegere.
2367 2886 2680 2951 Rhodios
2707 2906 2882 2950 nun-

686 2986 787 3078 tio
808 2986 858 3025 ¹⁸
878 2984 903 3023 '¹
937 2988 1002 3051 in
1028 2988 1187 3052 orbe
1212 2993 1527 3052 terrarum
1556 2986 1830 3053 arbitria
1857 2986 2017 3051 belli
2047 2986 2373 3071 pacisque
2392 3004 2606 3071 agere.
2695 2986 2880 3053 Deo-

752 3148 775 3177 ⁰
810 3146 1005 3197 certum
1037 3152 1087 3197 et
1100 3145 1399 3212 perspicuus·
1421 3144 1650 3211 effecisse.

1609 3287 1970 3310 ooooooooo

754 3388 822 3437 16
854 3387 871 3415 ‘
897 3384 1033 3435 Ante
1052 3386 1230 3437 scirent
1252 3384 1450 3437 excidit
1468 3392 1539 3444 ut,
1551 3386 1730 3451 jndice
1752 3387 1976 3453 sigonio.
2021 3388 2208 3439 Potius
2229 3392 2283 3439 ut
2309 3388 2489 3439 Rhodii
2503 3388 2685 3439 acuent
2699 3388 2891 3441 indies-

692 3459 792 3502 tum
814 3450 865 3500 id
890 3452 951 3501 iis
974 3465 1119 3512 θῦμος
1158 3452 1297 3501 forte
1332 3460 1387 3502 et
1418 3451 1679 3566 εξῖἰηιίιιί
1715 3454 1818 3517 leg.
1850 3453 2015 3503 missus
2049 3468 2124 3502 sc.
2153 3468 2268 3502 esse
2298 3453 2545 3503 Claudius
2580 3460 2770 3503 auctor
2791 3464 2894 3505 est.

692 3516 797 3565 Sed
822 3529 989 3578 neque
1022 3518 1137 3565 hare
1171 3516 1297 3566 satis
1324 3531 1418 3579 pro
1544 3518 1615 3565 lia
1638 3528 1774 3577 sunt,
1797 3531 1961 3581 neque
1983 3520 2286 3579 conjectura
2307 3516 2462 3566 Crev.
2484 3524 2540 3567 et
2565 3518 2731 3567 nnk.
2753 3522 2822 3567 ad
2840 3534 2892 3567 s.

687 3584 880 3641 gentem
900 3584 951 3628 et
968 3585 1161 3628 senatu
1192 3582 1455 3630 consultam
1488 3582 1570 3628 vel
1604 3585 1877 3643 nesae-oque
1907 3583 2167 3630 comum
2199 3580 2367 3630 nacti:
2401 3582 2620 3645 Rupes-t.
2685 3590 2702 3610 ·
2853 3584 2866 3595 “

694 3642 811 3691 dem
836 3656 931 3719 pro
961 3643 1139 3719 scirem
1158 3644 1485 3721 scribfndum
1508 3646 1743 3721 suspicor
1771 3646 1978 3707 placeret
2007 3645 2106 3709 (se.
2119 3646 2320 3721 populo
2343 3646 2598 3703 Romano)
2619 3598 2896 3696 indicus:

694 3706 798 3771 (se.
835 3706 889 3756 td
928 3716 1135 3771 utruque
1168 3706 1377 3773 genti.)'
1411 3708 1774 3771 Durum—1¹1
1814 3708 1986 3759 Adhuc
2015 3723 2154 3775 conj.
2192 3708 2489 3761 otone-18
2523 3711 2542 3741 ⁶
2561 3710 2806 3760 Scheller
2839 3713 2896 3760 in

1680 3850 1896 3901 1101*AE

759 3946 775 3983 Ι
818 3945 1013 3996 Scir-ent
1052 3946 1315 3994 indicatum
1353 3943 1511 4007 mitri]
1561 3945 1755 3996 Scribit
1823 3947 2104 3997 contributi
2139 3962 2172 3996 s
2205 3946 2443 3997 Romanis
2475 3944 2740 4010 fuerant)
2773 3948 2896 3997 red-

696 4022 873 4087 Sigon.
914 4026 969 4070 at
1008 4020 1187 4069 scireut
1228 4018 1489 4069 indicatus·
1508 4036 1527 4069 .·
1574 4034 1754 4070 seusus
1823 4019 2050 4072 debatur
2071 4022 2309 4083 libertas,
2331 4020 2618 4071 indicatum
2641 4022 2810 4072 etiam
2830 4021 2897 4071 sd

698 4107 797 4154 est.
818 4110 991 4147 eoram
1011 4094 1197 4158 legatis
1224 4093 1541 4144 Rhodiorum
1564 4094 1756 4145 recita·
1823 4096 1952 4144 duas
1975 4096 2090 4146 iuss
2111 4104 2295 4161 gentes
2317 4097 2368 4145 id
2393 4098 2768 4161 pra-seriptum
2781 4099 2894 4163 jam

701 4180 810 4221 tum
865 4171 1027 4222 fuisse
1080 4170 1603 4231 senatusconsultum,
1650 4185 1756 4235 quo
1824 4178 2037 4227 essunt
2059 4171 2174 4221 illas
2195 4172 2442 4223 certiores
2463 4172 2580 4237 ejus
2613 4174 2696 4225 rei
2722 4172 2894 4225 factas

700 4254 915 4307 oniba·
936 4254 993 4297 st
1023 4243 1217 4309 Lyciis,
1234 4245 1346 4309 (qui
1371 4242 1754 4309 Rhodiisprius
1826 4248 2014 4299 Rhodii
2036 4256 2182 4299 certo
2201 4257 2432 4299 nossent.
