3177 4950
1035 454 1181 503 mn.
1230 453 1413 503 xnv.
1460 455 1623 502 eu».
1667 440 1777 502 44.
2311 438 2488 507 3825

290 594 531 658 nisset.
622 594 701 658 L.
731 590 1084 660 Cornelius
1114 595 1349 679 Scipio
1378 615 1459 660 ne
1488 596 1575 661 ab
1605 614 1690 659 eo
1721 595 2122 675 abscederet,
2161 604 2486 661 sumtum-

294 714 437 779 que
464 696 596 777 ipsi
626 702 695 759 et
722 696 1083 761 comitibus
1112 697 1463 780 praeberet,
1512 698 1731 762 donec
1775 714 2010 761 navem
2055 697 2486 762 conscendis-

294 792 491 860 set.¹⁶
576 792 751 858 Mire
778 795 1003 859 laetum
1032 808 1104 860 et
1131 815 1217 861 ea
1238 797 1676 879 benignitate5
1731 797 1802 860 in
1832 816 1906 861 se
1937 797 2172 882 populi
2199 796 2490 862 Romani

294 916 526 979 regem
556 895 789 973 fuisse,
816 895 1068 964 serunt:
1112 915 1393 962 munera
1422 899 1554 963 sibi
1573 900 1796 981 ipsum
1824 900 2108 980 emisse;
2131 906 2180 947 ¹⁷
2203 906 2227 933 ⁸
2269 899 2484 962 filium

281 996 583 1081 jussisse
608 995 851 1061 donum
880 998 1119 1081 populi
1149 997 1438 1063 Romani
1470 998 1806 1081 accipere.
1896 997 2074 1065 Haec
2118 998 2204 1063 de
2240 998 2488 1064 Prusia

293 1098 514 1163 nostri
540 1098 922 1180 scriptores.
1007 1098 1363 1182 Polybius,
1403 1118 1557 1163 eum
1603 1117 1822 1181 regem
1861 1099 2204 1181 indignum
2245 1099 2489 1183 majes-

296 1204 441 1263 tate
486 1198 770 1263 nominis
818 1200 1045 1278 tanti,⁸
1088 1200 1319 1274 tradit,
1364 1200 1708 1283 pileatum,
1755 1200 1974 1282 capite
2009 1218 2184 1276 raso,
2221 1200 2486 1265 obviam

296 1300 397 1363 ire
426 1299 667 1380 legatis
710 1299 1003 1377 solitum,
1045 1299 1485 1383 libertumque
1512 1320 1587 1365 se
1617 1298 1854 1383 populi
1881 1299 2176 1364 Romani
2203 1300 2394 1377 ferre,
2423 1307 2490 1367 et

298 1399 459 1463 ideo
486 1398 771 1481 insignia
799 1398 1053 1465 ordinis
1082 1400 1231 1483 ejus
1260 1419 1484 1482 gerere
1514 1422 1531 1465 z
1578 1400 1822 1465 Romae
1868 1420 2163 1485 quoque,
2193 1420 2348 1467 oum
2378 1421 2488 1466 ve-

296 1499 473 1565 niret
498 1500 569 1562 in
590 1498 867 1572 curiam,
894 1501 1314 1566 summisisse
1338 1521 1441 1579 se,
1464 1509 1535 1567 et
1560 1503 1793 1567 osculo
1811 1502 2019 1567 limen
2045 1503 2252 1567 curiae
2281 1503 2484 1567 conti-

298 1600 505 1682 gisse,
535 1606 609 1663 et
632 1604 653 1633 ‘
674 1600 861 1664 Deos
884 1608 1253 1666 servatores
1275 1621 1435 1667 suos
1455 1602 1473 1630 ’
1502 1610 1807 1668 senatum
1832 1601 2236 1687 appellasse,
2255 1602 2488 1667 aliam-

300 1720 435 1783 que
492 1700 887 1779 orationem,
942 1721 1073 1765 non
1118 1710 1255 1766 tam
1304 1701 1740 1768 honorificam
1788 1703 2236 1779 audientibus,
2281 1722 2486 1785 quam

302 1801 436 1864 sibi
485 1800 869 1880 deformem,
922 1802 1254 1867 babuisse.
1345 1802 1656 1867 Moratus
1699 1805 1880 1869 circa
1923 1802 2171 1867 Urbem
2221 1802 2488 1884 triginta

300 1899 479 1967 haud
506 1902 801 1985 amplius
830 1901 977 1967 dies
1008 1903 1077 1967 in
1100 1922 1361 1987 regnum
1394 1912 1497 1967 est
1526 1903 1891 1987 profectus.

1213 2064 1576 2088 onme-

306 2160 397 2211 sed
417 2176 479 2210 ea
498 2161 657 2211 nimis
680 2161 889 2213 videtur
921 2175 1116 2212 summa
1148 2177 1243 2224 pro
1274 2162 1369 2212 boe
1393 2160 1663 2226 tempore!
1692 2162 1749 2210 J.
1775 2160 1834 2211 F.
1863 2160 2147 2209 Graiu—16
2182 2158 2484 2207 comendis-

303 2231 406 2275 nne
430 2226 591 2276 Gron.
616 2225 831 2290 Doujat.
896 2224 1024 2274 Mox
1058 2231 1073 2255 ⁸
1099 2226 1159 2274 τὸ
1180 2232 1229 2275 et
1250 2225 1387 2275 forte
1411 2226 1513 2277 del.
1536 2232 1628 2276 aut
1648 2226 1750 2289 leg.
1772 2224 1930 2272 latam
1951 2227 2089 2272 tants
2108 2224 2154 2271 ὁ.
2221 2223 2486 2271 Manutius

304 2290 444 2354 conj.
465 2305 528 2339 ex
586 2304 641 2337 ro
660 2294 727 2341 et.
792 2288 898 2338 Sed
938 2290 1139 2339 Livium
1176 2292 1338 2340 latu-
1370 2306 1431 2339 ex
1460 2291 1619 2353 αιὶᾳιαι
1648 2304 1702 2339 re
1733 2288 1854 2337 stibi
1890 2286 2082 2335 dixisse
2111 2300 2213 2334 uon
2245 2286 2488 2335 memini-³

306 2354 468 2466 grele.
582 2359 721 2429 ιρι-ο
740 2353 884 2403 etius:
915 2355 1109 2418 accipit
1132 2355 1421 2404 Πειρη-17
1453 2354 1678 2405 Omnino
1717 2350 1923 2419 legend.
1955 2363 2073 2400 curn
2113 2349 2274 2400 Gron.
2307 2357 2486 2399 censet

357 2431 466 2468 uer.
493 2430 721 2467 renmse.

1285 2543 1505 2594 NOTAE

303 2643 498 2693 lembos
522 2641 774 2692 ducentos
793 2641 994 2704 viginti,
1019 2639 1107 2702 qui
1128 2640 1195 2689 de
1214 2640 1354 2692 Geu-
1439 2639 1608 2702 accipi
1630 2639 1854 2689 sineret?

305 2719 385 2768 tio
404 2717 548 2782 capti
571 2714 797 2772 fuerant,
817 2717 1033 2766 Romani
1052 2717 1356 2779 Corcyra-is,
1500 2723 1525 2750 ⁸
1559 2715 1817 2778 Indignum
1835 2712 2080 2776 indenata
2109 2712 2313 2762 nuntiatis
2339 2712 2489 2774 tenti]

302 2793 738 2857 Apolloniatibus,
761 2801 815 2841 et
839 2791 1175 2856 Dyrrachinis
1198 2791 1357 2841 donn·
1436 2789 1632 2838 Scribit
1651 2789 1795 2853 App.
1832 2788 1882 2837 lu
1917 2786 2290 2848 Mithridatico,
2324 2784 2489 2850 (quod

307 2875 519 2930 νει-ωας
539 2869 615 2919 its
632 2882 751 2931 pars
772 2868 979 2917 navium
996 2867 1188 2916 Perseo
1211 2879 1357 2930 erep·
1437 2877 1503 2912 ex
1527 2863 1718 2927 Polyb.
1749 2863 2041 2912 desumtum
2081 2860 2330 2910 credibile
2359 2859 2489 2922 est.)

306 2953 471 2994 tarum
495 2943 622 2993 data
641 2942 813 2994 fuerat
834 2943 1057 2993 Prusiae.
1398 2945 1409 2960 '
1434 2945 1588 3003 capto
1619 2941 1819 2989 Perseo
1855 2938 2112 2999 Prusiam,
2145 2943 2399 2998 togatum,
2433 2942 2489 2985 et

370 3027 393 3062 5
427 3019 498 3067 Et
526 3033 584 3067 ea
614 3014 933 3080 benignitate]
966 3018 1173 3067 Manui.
1214 3015 1355 3080 apud
1433 3014 1624 3065 Italico
1653 3028 1794 3064 more
1824 3015 2132 3075 calceatum,
2153 3012 2366 3062 Romam
2398 3023 2485 3058 ve-

307 3092 479 3156 Sigon.
501 3092 708 3156 reponit
726 3105 789 3140 ex
810 3107 865 3142 ea
886 3091 1195 3154 benignitate.
1434 3091 1595 3152 nisse3
1633 3096 1692 3140 et
1711 3105 1828 3140 raso
1847 3089 2020 3152 espite
2052 3088 2244 3151 pileum
2265 3087 2484 3138 eircum-

368 3177 390 3202 ⁸
420 3168 629 3216 Munera
650 3165 743 3216 sibi
773 3167 925 3229 ἕνα.
953 3166 1142 3229 emine]
1172 3166 1355 3217 Scribo
1434 3167 1634 3224 tulisse,
1655 3178 1796 3215 more
1819 3165 2150 3224 libertorum3
2173 3175 2235 3210 ne
2251 3161 2484 3210 Romano

308 3256 421 3292 eum
432 3241 607 3290 »Gron-
623 3255 815 3290 mm
832 3241 925 3289 sibi
943 3241 1096 3304 ipsun·
1116 3240 1353 3291 renuisse:
1435 3255 1672 3292 sermone
1695 3237 1984 3303 professum
2013 3237 2252 3288 libertum
2283 3250 2342 3285 se
2370 3249 2485 3284 esse

309 3318 419 3382 quis
442 3317 577 3366 enim
614 3315 879 3379 indignum
911 3315 1067 3365 fnisse
1088 3329 1187 3364 non
1210 3315 1356 3365 videt
1436 3317 1614 3381 populi
1635 3316 1874 3368 Romani.
1925 3311 2195 3365 videndus
2214 3319 2269 3361 et
2288 3310 2483 3362 Diodo-

310 3391 657 3443 mnnlficentis
691 3393 871 3454 populi
906 3391 1148 3453 Romani,
1184 3391 1225 3439 si
1260 3405 1355 3453 pro
1436 3407 1538 3444 rus.
1695 3407 1706 3414 ·

309 3467 599 3522 muneribus
616 3467 817 3519 Prusia
836 3466 1109 3517 destinatis
1131 3466 1354 3532 pretium
