3177 4950
1104 414 1247 464 mn.
1292 414 1523 463 xmu.
1568 415 1732 464 οΑι».
1773 400 1838 465 1.
2374 404 2542 471 3621

356 578 443 622 ne
492 558 755 623 duabus
810 558 1417 641 oppugnationibus
1471 560 1922 643 nequicquam
1977 562 2300 644 fatigatus
2347 566 2543 631 miles

356 666 560 737 esset,
580 678 751 743 quas
781 660 967 742 prius
993 659 1283 723 intactas
1307 660 1511 723 urbes
1530 668 1550 707 ³
1582 661 1967 743 reliquerat,
1989 662 2286 745 diripuit.
2353 663 2554 729 Alter

356 757 611 825 Consul
652 759 749 824 C..
764 759 1043 824 Cassius
1086 778 1213 825 nec
1254 760 1325 823 in
1366 759 1616 845 Gallia,
1650 782 1848 845 quam
1894 764 2168 827 sortitus
2207 771 2376 841 erat,
2405 786 2546 831 me-

351 859 671 923 morabile
702 858 1061 942 quicquam
1084 860 1319 941 gessit,
1349 868 1419 925 et
1446 880 1565 942 per
1597 861 1944 943 Illyricum
1975 864 2212 929 ducere
2237 866 2540 946 legiones

352 962 423 1025 iu
454 958 918 1028 Macedoniam
951 979 1125 1025 vano
1153 961 1427 1043 incepto
1459 972 1566 1029 est
1599 970 1906 1029 conatus.
1995 966 2379 1049 Ingressum
2411 970 2538 1033 boc

348 1063 472 1127 iter
511 1063 850 1143 consulem
892 1068 1165 1129 senatus
1204 1082 1297 1127 ex
1342 1064 1868 1147 Aquileiensium
1915 1066 2152 1147 legatis
2184 1071 2538 1151 cognovit;

350 1163 491 1247 qui,
520 1173 877 1247 querentes
915 1165 1249 1229 coloniam
1290 1184 1483 1229 sunm
1519 1183 1757 1230 novam
1787 1175 1854 1231 et
1886 1167 2228 1246 infirmam,
2257 1170 2536 1235 necdum

351 1266 522 1328 satis
563 1267 911 1343 munitam,
955 1266 1127 1332 inter
1170 1264 1447 1331 infestas
1490 1266 1792 1331 nationes
1837 1267 2158 1335 Isti-orum
2203 1275 2274 1334 et
2317 1270 2546 1354 Illyri-⁸

349 1384 535 1431 orum
575 1386 753 1445 esse,
796 1386 951 1434 cum
994 1372 1314 1451 peterent,
1357 1374 1435 1431 ut
1482 1374 1760 1433 senatus
1807 1388 1986 1435 curae
2032 1371 2332 1449 haberet,
2374 1391 2546 1455 quo·.

345 1467 552 1531 modo
592 1487 675 1533 ea
704 1467 973 1533 colonia
995 1469 1391 1545 muniretur,
1422 1469 1829 1551 interrogati,
1863 1473 2188 1538 vellentne
2217 1492 2366 1537 eam
2397 1493 2546 1545 rem,

348 1565 427 1631 C.
457 1566 705 1635 Cassio
735 1569 997 1634 consuli
1025 1568 1373 1635 mandarit
1420 1568 1922 1651 responderunt,
1957 1570 2288 1651 Cassium,
2319 1570 2546 1657 Aqui-.

344 1667 548 1733 leiam
593 1668 849 1734 indicto
890 1670 1219 1748 exercitu,
1249 1668 1624 1753 profectum,
1666 1689 1784 1752 per
1828 1670 2165 1753 Illyricum
2197 1674 2270 1737 in
2299 1672 2535 1745 Mace-

346 1768 615 1833 doniam
665 1788 841 1835 esse.
878 1826 885 1835 .
944 1770 1049 1835 Ea
1096 1790 1207 1836 res
1253 1772 1469 1853 pri‘mo
1512 1768 1923 1847 incredibilis
1966 1775 2136 1850 visa,
2178 1781 2244 1840 et
2287 1793 2407 1856 pro
2453 1794 2538 1840 se.

344 1870 969 1953 quisquecredere,
999 1869 1241 1937 Carnis
1281 1870 1563 1939 forsitan
1605 1876 1718 1938 aut
1757 1869 1950 1937 Istris
1978 1873 2226 1937 bellum
2253 1874 2532 1940 illatum.

343 1970 519 2035 Tum
544 1972 1041 2058 Aquileienses,
1060 1972 1225 2037 nihil
1254 1990 1331 2036 se
1358 1971 1538 2037 ultra
1564 1971 1756 2049 scire,
1779 1990 1900 2036 nec
1927 1972 2166 2039 audere
2188 1974 2532 2053 affirmate,

343 2090 541 2154 quam
569 2072 835 2155 triginta
864 2070 1117 2138 dierum
1144 2070 1535 2137 frumentum
1562 2070 1755 2145 militi
1785 2070 2036 2149 datum,
2059 2082 2128 2139 et
2154 2074 2381 2147 duces,
2412 2078 2532 2157 qui

344 2192 431 2237 ex
479 2173 685 2240 Italia
726 2174 969 2239 itinera
1008 2172 1078 2236 in
1124 2170 1608 2237 Macedoniam
1650 2177 1946 2249 nossent,
1971 2174 2384 2255 conquisitos
2411 2177 2528 2239 ab·

345 2274 739 2358 ductosque.
824 2272 1181 2339 Enimvero
1218 2279 1496 2337 senatus
1524 2272 1878 2355 indignari,
1904 2281 2156 2345 tantum
2184 2276 2530 2341 consulem

342 2394 605 2454 ausum,
634 2383 706 2442 nt
749 2394 941 2441 snam
985 2374 1401 2458 provinciam
1442 2372 1863 2457 relinqueret,
1893 2375 1962 2438 in
2001 2374 2288 2439 alienam
2315 2380 2526 2441 trans-

338 2477 487 2556 iret,
510 2478 879 2543 exercitum
900 2495 1079 2541 novo
1104 2473 1557 2559 periculoso⁴⁶
1576 2473 1808 2541 itinere
1827 2474 1998 2540 inter
2017 2482 2279 2540 exteras
2301 2483 2526 2559 gentes

340 2579 633 2658 duceret,
656 2579 831 2644 viam
856 2583 957 2643 tot
974 2577 1365 2643 nationibus
1382 2575 1455 2640 in
1477 2574 1746 2640 Italiam
1771 2577 2080 2659 aperiret.
2139 2578 2526 2643 Decernunt

336 2680 735 2764 frequentes,
764 2685 841 2745 ut
885 2679 966 2745 C.
1000 2677 1339 2763 Sulpicius
1380 2681 1634 2762 praetor
1668 2685 1806 2742 tres
1833 2695 1922 2742 ex
1951 2683 2188 2743 senatu
2225 2680 2526 2743 nominet

336 2783 615 2865 legatos,
642 2783 763 2866 qni
803 2797 885 2846 eo
924 2779 1035 2846 die
1075 2779 1587 2863 proficiscantur
1614 2797 1702 2844 ex
1732 2777 1936 2859 Urbe,
1965 2784 2032 2843 et
2060 2785 2382 2862 quantum
2413 2799 2519 2846 ac-

338 2883 627 2948 celerare
654 2887 951 2967 possent,
981 2880 1293 2946 Cassium
1324 2881 1688 2957 consulem,
1717 2879 2118 2962 ubicumque
2145 2880 2258 2956 sit,
2290 2898 2522 2961 perse-

338 2990 656 3067 quantun
699 2983 1013 3060 nuntient,
1044 3001 1125 3046 ne
1168 2981 1415 3046 bellum
1456 3000 1614 3046 cum
1653 2980 1796 3044 ulla
1835 2984 2025 3060 gente
2067 2985 2358 3054 moveat,
2388 2978 2520 3042 nisi

338 3106 487 3154 cum
518 3106 653 3168 qua
679 3094 957 3150 senatus
986 3081 1343 3168 gerendum
1368 3085 1758 3148 censueram
1829 3079 2065 3162 Legati
2090 3079 2158 3143 hi
2181 3079 2462 3163 profecti
2473 3079 2519 3158 ,⁶

336 3187 441 3252 M.
492 3187 846 3253 Cornelius
891 3186 1252 3268 Cethegus,
1306 3183 1411 3248 Μ.
1464 3181 1766 3260 Fulvius,
1820 3180 1901 3244 P.
1949 3179 2291 3246 Marcius⁷
2337 3179 2516 3247 Rex.

338 3287 570 3354 Metus
595 3289 681 3354 de
710 3286 987 3354 consule
1015 3295 1225 3372 atque
1254 3283 1555 3350 exercitu
1582 3282 1843 3364 distulit
1871 3301 1952 3348 eo
1979 3289 2280 3366 tempore
2311 3284 2522 3370 munifi

336 3389 525 3456 endae
553 3389 891 3502 Aquileiae
919 3407 1163 3456 curam.
1253 3462 1262 3470 .

1243 3533 1336 3557 000
1340 3533 1613 3557 ”OOOO‘OO
1701 3559 1708 3564 .

334 3651 522 3688 nomen
544 3636 801 3688 excidisse
820 3635 1045 3696 videtur,
1060 3649 1126 3685 ex
1144 3640 1315 3685 mente
1336 3632 1529 3700 Sigonii
1546 3630 1647 3681 fuit
1663 3632 1725 3688 Q.
1741 3627 1970 3680 Mucius?
1988 3627 2336 3692 Πορκίας-8
2360 3629 2516 3686 ρεισκε

327 3703 536 3765 ρνὺιηιοι
562 3700 791 3751 iunctm
817 3701 979 3751 when
1000 3699 1119 3749 edd.
1142 3706 1263 3750 aute
1288 3699 1565 3764 sigum—⁴
1595 3697 1685 3746 vir
1707 3695 1885 3746 doctus
1907 3693 1972 3746 ad
1995 3693 2272 3756 marginem
2296 3693 2378 3742 ed.
2411 3695 2512 3743 Cu·

332 3765 465 3815 rien.
484 3765 755 3830 legijubet
773 3779 887 3815 novo
908 3765 957 3814 οἳ
974 3765 1346 3828 periculoso&
1370 3765 1386 3792 ⁸
1402 3762 1591 3815 Oratio
1609 3759 1818 3824 obliqua
1841 3759 2070 3836 postulat
2091 3757 2339 3834 censuerit,
2362 3765 2416 3806 et
2439 3758 2516 3836 atq

333 3830 540 3879 videtur
560 3843 762 3894 quoqne
786 3828 1059 3892 legendum
1082 3840 1196 3877 esse
1217 3826 1391 3877 Periz.
1416 3835 1471 3876 et
1492 3824 1676 3876 vrak!
1708 3825 2042 3885 Μυκη-6
2062 3822 2238 3884 Legati
2257 3835 2297 3870 ιι
2316 3822 2514 3884 prefectu

332 3893 454 3944 edd.
472 3899 591 3944 aute
611 3895 785 3956 Sigon.
806 3894 893 3956 qui
915 3892 1132 3956 corrigit
1151 3891 1331 3954 Legati
1351 3891 1461 3940 Ill.
1479 3887 1683 3955 prefecti
1694 3903 1716 3946 ,-
1747 3887 1802 3938 id
1822 3895 1924 3950 est,
1945 3887 2094 3948 legati
2114 3891 2212 3936 eree
2226 3883 2512 3948 profecti.—

332 3961 365 4013 1
398 3957 543 4009 Duk-
562 3958 708 4010 malit
726 3958 791 4014 Q.
807 3957 1041 4011 Marcius.

1314 4083 1529 4135 NOTAE

396 4193 419 4220 θ
438 4185 579 4235 Nm
593 4182 875 4248 periculoso]
897 4182 1105 4236 Omissa
1124 4187 1203 4232 est
1222 4193 1381 4244 copu·
1462 4178 1688 4244 gendum
1731 4191 1846 4228 novo
1877 4181 1928 4227 et
1953 4175 2233 4240 ρει-ἐοιῑοοο.
2267 4172 2322 4226 J.
2346 4171 2508 4224 Cleri·

330 4261 384 4312 la
406 4261 543 4312 inter
563 4261 667 4313 duo
686 4260 803 4312 hoee
822 4259 1106 4324 adjectiva,
1128 4264 1188 4310 ut
1216 4256 1286 4309 sit
1307 4258 1381 4309 le·
1462 4269 1567 4308 cun.
2215 4275 2224 4290 ·
