3177 4950
1222 459 1367 508 us.
1410 449 1631 510 κων.
2360 441 2536 516 3721

339 615 625 676 cacumen
664 609 775 672 est,
803 597 963 682 quod
986 600 1194 662 decem
1234 603 1487 684 amplius
1525 603 1777 664 stadia
1761 625 1822 664 ιιι
1866 531 2251 666 altitudinem

343 697 613 806 amurgit,
636 697 897 776 fatigatis
922 697 1207 758 militibus
1232 698 1459 779 aliquid
1484 702 1764 780 requietis
1779 701 2006 761 datum.
2091 699 2236 760 Hoc

331 793 569 871 jugum,
594 803 663 853 ut
686 793 1073 856 ante-dictum
1094 803 1206 866 est,
1236 795 1415 866 Milo,
1446 804 1511 856 et
1545 795 1860 868 Histiaeus,
1883 806 1946 856 et
1967 795 2238 876 Theoge·
2255 799 2374 866 Sap.
2393 807 2540 856 ποθι.

342 907 447 948 nes
491 910 530 949 a
570 889 794 950 Perseo
834 891 992 950 missi
1030 909 1167 952 cum
1208 893 1469 972 quinque
1521 891 1784 953 millibus
1836 892 2238 954 Macedonum

314 1031 329 1050 .,
339 984 723 1045 obtinebant:
764 986 869 1046 sed
914 994 1081 1047 tanta
1124 987 1481 1066 negligentia
1518 989 1692 1067 regiis
1717 989 1968 1048 ducibus
1997 999 2145 1061 erat,
2173 997 2242 1048 ut
2259 997 2391 1049 Plu.

342 1098 514 1142 nemo
564 1081 881 1142 adventare
936 1081 1244 1142 Romanos
1292 1085 1551 1144 senserit.
1654 1084 1893 1163 Sopitos
1942 1075 2270 1163 aggresus

342 1172 579 1235 Nasica
592 1175 670 1236 de
680 1179 832 1255 jugo
860 1177 1037 1240 facile
1062 1177 1303 1257 dejecit,
1322 1179 1374 1238 si
1404 1177 1670 1258 Polybio
1697 1177 1863 1240 fides.
1927 1179 2068 1260 Ipse
2087 1181 2244 1242 enim

340 1269 579 1331 Nasica
623 1273 685 1331 in
731 1272 981 1353 epistola
1020 1273 1099 1332 ad
1124 1274 1421 1353 quendam
1462 1295 1666 1352 regum
1711 1275 1886 1354 longe
1927 1275 2095 1336 aliter
2121 1297 2244 1338 rem

342 1381 563 1430 narrat.
626 1380 643 1406 ‘
667 1371 938 1432 Mentem
968 1371 1151 1432 arduo
1178 1392 1418 1446 ascensu
1443 1372 1646 1442 fuisse,
1672 1369 1784 1432 sed'
1803 1371 2244 1445 incustoditum,

341 1467 431 1528 ita
470 1475 539 1526 ut
576 1467 791 1526 saltum
816 1487 1107 1548 occupare
1135 1467 1303 1527 nullo
1326 1467 1566 1544 negotio
1591 1467 1894 1547 potuisset,
1923 1469 2032 1528 nisi
2058 1477 2250 1530 trans-

342 1561 488 1640 fuga
529 1561 826 1622 Cretensis
876 1582 953 1623 ex
1007 1564 1081 1623 iis
1121 1583 1271 1642 quos
1318 1581 1517 1620 secum
1570 1561 1850 1632 ducebat,
1900 1563 1979 1624 ad
2026 1563 2252 1624 Persea

341 1657 711 1727 cucurrisset,
764 1677 1017 1737 eumque
1070 1657 1365 1717 docuisset
1414 1657 1561 1737 quid
1629 1667 1913 1736 ageretur.
2013 1649 2250 1738 Regem

342 1753 530 1833 ipsum
570 1753 810 1832 quidem
848 1755 1127 1814 mansisse
1148 1823 1153 1832 .
1172 1755 1232 1813 in
1258 1754 1487 1823 castris,
1514 1752 1619 1812 sed
1645 1754 1864 1814 misisse
1889 1753 2010 1813 duo
2040 1754 2250 1816 Mace-

344 1847 587 1918 donum,
614 1848 821 1908 decem
852 1849 1241 1909 auxiliarium
1257 1847 1470 1920 millia,
1501 1848 1736 1908 Milone
1762 1849 1940 1920 duce,
1969 1849 2048 1910 ad
2073 1869 2248 1911 occu-

348 1943 609 2024 pandum
664 1944 901 2005 saltum.
986 1943 1143 2004 Cum
1188 1945 1283 2004 his
1322 1946 1609 2030 acerrima
1660 1963 1862 2023 pugna
1911 1945 1973 2004 in
2025 1959 2254 2006 summo

338 2041 493 2118 jugo
516 2058 865 2100 concursum·
887 2059 1034 2111 esse,
1066 2049 1246 2120 atque
1272 2041 1424 2100 inter
1448 2038 1568 2099 alia
1595 2061 1722 2100 sese
1746 2060 1785 2099 a
1807 2039 2040 2101 Thrace
2067 2041 2252 2101 milite
2290 2055 2300 2064 ‘

345 2133 501 2194 ferro
518 2137 878 2216 appetitum,
905 2156 1081 2215 quem
1114 2137 1237 2215 ipse
1265 2135 1481 2196 adacta
1506 2156 1612 2215 per
1636 2144 1842 2216 pectu-
1865 2137 2040 2196 hasta
2063 2145 2252 2198 trans-

346 2228 567 2292 fixerit.
649 2230 865 2292 Victus
906 2231 1145 2290 tandem
1189 2230 1559 2292 Macedonas
1602 2232 1736 2294 loco
1773 2233 2034 2304 cessisse,
2064 2232 2252 2294 Milo,-

346 2344 597 2408 nemque
618 2327 810 2407 ipsum
834 2328 1173 2408 turpissima
1194 2327 1339 2406 fuga
1363 2327 1616 2405 abjectis
1639 2329 1815 2388 armis
1840 2328 2252 2390 saluti-censu-

345 2419 543 2483 luisse.
547 2422 564 2450 ⁹
646 2421 941 2484 Romanis
960 2423 1255 2503 fugientes
1278 2422 1763 2505 persequentibus
1794 2422 1992 2484 facilis
2031 2433 2094 2484 et
2130 2425 2254 2485 sine

348 2517 472 2578 ullo
498 2519 803 2599 periculo
788 2539 849 2578 m
874 2520 1056 2599 plana
1080 2519 1395 2579 descensus
1416 2518 1553 2579 fuit.

430 2616 589 2692 (36.)
652 2614 799 2675 Hoc
860 2634 1057 2675 rerum
1106 2624 1262 2675 statu
1306 2615 1564 2676 Perseus
1608 2615 1902 2723 ambi-gere
1943 2614 2088 2695 quid
2127 2616 2254 2675 fac-

349 2690 413 2770 ιο
452 2728 619 2791 opus.
704 2709 863 2770 Cum
909 2718 1115 2790 aperta
1144 2713 1279 2790 jam
1318 2732 1425 2793 per
1465 2712 1680 2772 saltum
1721 2711 1821 2771 via
1854 2718 2144 2772 metueret
2182 2731 2256 2772 ne

346 2804 751 2866 circumiretur
797 2827 837 2867 a
874 2802 1189 2879 Romanis,
1237 2808 1476 2869 omnino
1536 2827 1771 2867 necem
1825 2816 1974 2878 erat,
2026 2816 2094 2867 ιιι
2153 2817 2259 2871 aut

352 2900 433 2961 ad
476 2900 759 2981 Pydnam
800 2900 1080 2963 recedens
1120 2904 1343 2963 hostem
1384 2904 1470 2962 ibi
1514 2911 1879 2983 expectaret,
1927 2903 2038 2962 sub
2079 2906 2260 2963 muris

352 2998 596 3057 munitae
662 2998 825 3059 urbis
890 2999 1114 3058 minore
1164 2997 1425 3079 periculo
1474 3008 1844 3066 certaturus;
1919 3006 2024 3059 aut
2073 2999 2261 3079 copiis

350 3103 462 3173 'per
513 3094 686 3153 urbes
737 3093 1113 3154 Macedoniae
1170 3094 1468 3175 dispersis,
1536 3094 1954 3173 convectisque
2006 3095 2069 3153 in
2124 3094 2260 3155 loca

350 3188 666 3248 munitiora
708 3187 977 3267 frugibus
1023 3198 1201 3269 atque
1251 3192 1582 3270 pecoribus,
1627 3189 1942 3271 populatos
1987 3208 2160 3267 agros
2197 3184 2284 3250 et⁴

348 3282 572 3344 ‘nudum
615 3285 768 3344 hosti
812 3284 1167 3364 relinqueret
1210 3285 1423 3345 solum.
1508 3285 1758 3365 Anceps
1801 3283 2130 3344 fluctuabat
2167 3285 2258 3345 in·

348 3388 439 3439 ter
484 3380 617 3439 hoec
650 3379 771 3439 duo
814 3380 1063 3439 consilia
1104 3382 1258 3459 regis
1300 3380 1547 3442 animus.
1631 3382 1838 3440 Amici
1874 3382 2059 3440 tutius
2109 3400 2258 3461 quo-

352 3494 469 3556 que
514 3474 578 3534 id
617 3474 779 3555 quod
821 3475 1125 3541 honestius
1161 3475 1319 3535 foret
1358 3478 1496 3545 rati,
1520 3477 1911 3537 hortabantur
1937 3482 2004 3533 ut
2045 3494 2260 3553 pngnae

348 3591 552 3631 casum
576 3572 960 3653 experiretur.
1042 3579 1061 3607 ‘
1088 3570 1247 3631 Eum
1286 3579 1349 3632 et
1389 3590 1632 3631 numero
1674 3576 1950 3650 prastare
1982 3569 2259 3639 militum,
2361 3570 2368 3576 ⁴

350 3670 417 3727 et
438 3685 578 3728 vero
612 3669 793 3728 etiam
818 3669 1022 3729 virtuti
1050 3667 1286 3728 credere
1308 3668 1547 3739 debere,
1576 3687 1758 3747 quam
1783 3666 2106 3745 ingenitam
2131 3670 2260 3727 ani·

352 3763 465 3822 mis
490 3782 805 3823 accensura
818 3782 1056 3843 quoque
1080 3771 1275 3823 essent
1292 3762 1401 3823 illa
1416 3763 1780 3824 validissima
1801 3770 1866 3821 et
1887 3762 2257 3823 sanctissima

352 3858 514 3939 apud
554 3859 821 3919 homines
864 3858 943 3917 sd
984 3859 1211 3919 fortiter
1254 3858 1634 3940 pugnandum
1679 3858 2083 3927 incitamenta,
2112 3876 2251 3930 aroe,

353 3953 495 4025 foci,
522 3974 713 4027 sacra,
740 3956 891 4015 inter
918 3976 1050 4035 quae
1076 3964 1139 4015 et
1161 3975 1267 4035 pro
1292 3955 1507 4034 quibus
1530 3951 1926 4013 dimicandum
1951 3962 2147 4022 esset,
2131 3973 2146 3989 ·
2191 3962 2256 4014 et

352 4058 625 4131 parentes
664 4070 737 4110 ac
774 4051 1089 4129 conjuges3
1134 4070 1239 4111 rex
1265 4049 1518 4129 denique
1558 4050 1684 4130 ipse
1719 4048 2073 4127 inspectans,
2097 4068 2254 4109 sese—-

354 4164 471 4223 que
512 4146 575 4204 in
618 4154 842 4226 partem
886 4145 1231 4205 discriminis
1268 4140 1536 4207 offerens.
1540 4147 1559 4172 ¹
1641 4143 1766 4205 His
1804 4152 1998 4204 motus
2031 4164 2135 4204 rex
2175 4142 2257 4205 ad

355 4259 611 4321 pugnam
650 4260 775 4301 sese
814 4243 1201 4321 comparavit,
1225 4250 1287 4301 et
1323 4262 1459 4301 cum
1496 4241 1920 4301 'retrocessisset
1959 4224 2034 4299 ad
2073 4236 2250 4321 Pyd-

488 4353 661 4417 Delpk.
679 4358 729 4403 ee
758 4347 2332 4405 mancianum-11
2373 4356 2426 4409 Η
