3177 4950
617 428 793 499 8810
1546 445 1617 493 τ.
1667 444 1862 493 mvn

619 598 689 657 et
716 590 803 655 de
830 588 1172 655 Antiocho
1216 588 1343 654 est.
1430 587 1658 654 Ambo
1705 588 2092 671 regnabant,
2137 588 2288 651 cum
2311 584 2422 650 'de
2449 584 2560 649 his
2581 584 2828 649 trium-

619 693 891 777 phatum
924 698 1049 755 est.
1137 688 1246 754 De
1289 688 1543 755 Perseo
1584 696 1812 772 capto,
1839 690 1914 753 iu
1961 688 2214 753 Urbem
2243 706 2396 753 cum
2424 687 2664 751 liberis
2695 688 2830 750 ab·

620 794 848 865 ducto,
878 811 1015 857 non
1038 791 1598 875 triumphabimr‘t
1625 790 1829 869 Quod
1853 792 2006 857 siin
2033 808 2230 855 curru
2249 787 2652 855 scandentes
2683 786 2832 851 Ca-

620 894 952 976 pitolium,
974 897 1249 957 auratos
1268 900 1830 977 purpuratosque,
1851 910 1941 956 ex
1971 890 2280 955 inferiore
2307 890 2465 956 loco
2490 891 2575 954 L.
2605 889 2828 955 Paul·

612 994 725 1058 lus
746 993 811 1056 in
840 994 1039 1057 turba
1082 1000 1460 1076 togatorum
1504 1012 1680 1059 unus
1709 993 2010 1077 privatus
2040 993 2423 1075 interroget:
2471 990 2552 1055 L.
2585 990 2826 1065 Anici,

619 1094 743 1159 Cn.
773 1093 1045 1173 Octavi,
1096 1102 1313 1158 utrum
1366 1114 1493 1159 vos
1544 1095 1878 1179 digniores
1927 1093 2268 1177 triumpho
2312 1114 2493 1171 esse,
2531 1112 2622 1158 an
2685 1111 2826 1171 me,

620 1197 961 1261 censetis?
1006 1214 1269 1261 currum
1300 1196 1367 1261 ei
1410 1196 1692 1275 cessuri,
1717 1203 1790 1262 et
1817 1212 1958 1279 pree
1989 1196 2248 1279 pudore
2279 1196 2586 1259 videntur
2609 1194 2828 1275 insig-

616 1299 733 1362 nia
777 1300 913 1382 ipsi
958 1318 1089 1363 sua
1138 1298 1468 1363 tradituri.
1556 1298 1646 1363 Et
1693 1317 1820 1363 vos
1879 1297 2224 1372 Gentium,
2276 1316 2480 1382 quam
2533 1296 2828 1370 Persea,

617 1399 775 1464 duci
804 1402 871 1465 in
900 1400 1301 1484 triumphum
1330 1400 1669 1479 mavultis,
1698 1398 2030 1480 Quirites,
2058 1406 2130 1463 et
2157 1399 2245 1463 de
2271 1398 2659 1463 accessione
2689 1416 2828 1481 po-

616 1500 753 1567 tius
782 1502 969 1581 belli,
1008 1522 1213 1587 quam
1239 1502 1325 1567 de
1354 1501 1560 1581 bello,
1580 1502 1978 1586 triumphari
1999 1503 2030 1564 ‘t
2075 1500 2168 1565 Et
2193 1500 2496 1583 legiones
2523 1518 2617 1564 ex
2649 1499 2830 1584 llly-

615 1604 757 1668 rieo
786 1603 1107 1670 laureatae
1144 1602 1395 1669 Urbem
1426 1603 1714 1682 inibunt,
1761 1610 1833 1667 et
1879 1602 2167 1667 navales
2213 1602 2384 1666 socii
2403 1602 2436 1662 ’Ξ
2483 1600 2826 1665 Macedo-

614 1705 786 1769 nicoe
828 1701 1153 1786 legiones,
1194 1722 1323 1769 suo
1372 1703 1784 1787 abrogato,¹⁸
1831 1704 2206 1788 triumphos
2253 1703 2510 1768 alienos
2539 1710 2828 1785 specta-

614 1803 824 1868 bunt?
884 1800 1071 1884 Quid
1112 1804 1354 1871 deinde
1376 1810 1512 1871 tam
1544 1808 1794 1889 opimoe
1825 1804 2100 1889 praedse,
2131 1812 2268 1870 tam
2293 1806 2640 1888 opulentae
2667 1805 2824 1868 vic-

613 1906 807 1971 torioe
832 1906 1071 1989 spoliis
1110 1906 1275 1971 fiet?
1318 1904 1626 1985 Quonam
1673 1905 1994 1972 abdentur
2037 1906 2162 1971 illa
2199 1913 2316 1971 tot·
2343 1906 2561 1971 millia
2591 1925 2822 1971 armo-

612 2026 783 2083 rum,
828 2006 1127 2073 detracta
1170 2008 1560 2091 corporibus
1595 2008 1884 2073 hostium
1911 2007 1943 2071 ‘l
1985 2026 2070 2071 an
2097 2012 2168 2071 in
2203 2006 2684 2073 Macedoniam
2717 2026 2826 2071 re-

610 2106 955 2173 mittentur
974 2109 1006 2173 ‘l
1054 2109 1214 2187 Quo
1256 2110 1450 2193 sigua
1476 2127 1710 2189 aurea,
1761 2129 2149 2188 marmorea,
2187 2111 2508 2189 eburnea,
2555 2110 2820 2175 tabula

610 2208 837 2291 pictoe,
882 2210 1165 2289 textilia,
1214 2218 1475 2275 tantum
1514 2210 1768 2293 argenti
1809 2212 2055 2290 caelati,
2101 2217 2360 2277 tantum
2405 2211 2577 2290 auri,
2617 2218 2822 2277 tanta

608 2312 904 2398 pecunia
952 2312 1127 2395 regia
1146 2313 1177 2375 τ
1258 2311 1373 2379 An
1418 2318 1648 2385 noctu,
1695 2318 2010 2398 tanquam
2061 2312 2336 2392 furtiva,
2375 2315 2446 2377 in
2495 2314 2820 2381 aerarium

611 2414 1133 2499 deportabuntur
1151 2413 1184 2478 ’ἱ
1228 2412 1411 2494 Quid
1440 2413 1611 2480 illud
1657 2414 2120 2499 spectaculum
2163 2414 2560 2492 maximum,
2617 2416 2819 2482 nobi-

607 2515 903 2582 lissimus
946 2516 1632 2601 opulentissimusque
1671 2537 1790 2582 rex
1829 2525 2100 2600 captus,
2129 2517 2250 2582 ubi
2278 2518 2516 2582 victori
2547 2517 2818 2601 populo

610 2617 1047 2682 ostendetur?
1093 2616 1287 2697 Quos
1344 2615 1630 2701 Syphax
1679 2637 1804 2682 rex
1857 2626 2129 2701 captus,
2191 2619 2502 2684 accessio
2561 2618 2818 2684 Punici

609 2719 793 2796 belli,
826 2737 1197 2783 concursus
1224 2719 1476 2798 fecerit,
1504 2719 1806 2803 plerique
1831 2719 2268 2786 meminimus.
2357 2720 2654 2785 Perseus
2680 2739 2814 2784 rex

608 2826 876 2903 captus,
927 2818 1291 2903 Philippus
1336 2827 1405 2885 et
1444 2819 1839 2886 Alexander
1875 2821 1998 2886 filii
2037 2823 2238 2904 regis,
2278 2827 2460 2886 tanta
2505 2821 2813 2899 nomina,

608 2919 1064 2986 subtrahentur
1091 2920 1392 2986 civitatis
1422 2921 1688 2986 oculis?
1733 2920 1974 3004 Ipsum
2006 2920 2087 2985 L.
2115 2921 2457 3000 Paullum,
2492 2922 2600 2986 bis
2645 2941 2812 2986 con-

606 3021 849 3098 sulem,
867 3020 1267 3086 domitorem
1290 3022 1606 3100 Graecioe,
1635 3023 1928 3088 omnium
1951 3023 2134 3088 oculi
2154 3025 2546 3106 conspicere
2563 3024 2808 3090 urbem

605 3141 803 3187 curru
830 3121 1299 3204 ingredientem
1340 3132 1564 3189 avent.
1649 3121 1765 3188 Ad
1814 3122 2271 3208 hoff-fecimus
2311 3126 2682 3204 consulem,
2731 3133 2812 3190 ut

604 3221 872 3298 bellum,
908 3243 1029 3307 per
1052 3225 1555 3311 quadriennium
1586 3226 1835 3310 ingenti
1863 3227 2064 3292 etiam
2089 3227 2345 3311 pudore
2373 3235 2605 3292 nostm
2631 3235 2812 3292 trac-

604 3335 767 3402 tum,
798 3325 1167 3409 perficeret.
1257 3325 1389 3391 Cui
1434 3327 1674 3392 sortito
1715 3327 2150 3410 provinciam,
2200 3329 2309 3393 cui
2347 3327 2810 3412 proficiscenti

601 3427 1165 3510 praesagientibus
1194 3427 1435 3492 animis
1482 3429 1832 3492 victoriam
1873 3427 2414 3513 triumphumque
2440 3427 2808 3493 destinavi-

600 3545 778 3605 mus,
832 3527 895 3590 ei
923 3528 1161 3591 victori
1194 3527 1598 3612 triumphum
1627 3529 1928 3610 negaturi
1947 3529 1978 3591 ‘l
2025 3539 2094 3595 et
2119 3529 2385 3614 quidem
2419 3548 2554 3592 non
2581 3529 2807 3594 homi-

600 3647 727 3692 nes
756 3633 1043 3700 tantum,
1072 3627 1195 3694 sed
1244 3628 1428 3694 Deos
1474 3629 1678 3695 etiam
1717 3649 1840 3694 suo
1889 3627 2133 3694 honore
2175 3629 2592 3696 fraudaturi?
2643 3630 2806 3698 Diis

602 3747 869 3816 quoque
896 3727 1093 3806 enim,
1124 3747 1259 3793 non
1288 3731 1499 3794 solum
1528 3728 1938 3807 hominibus,
1972 3729 2300 3797 debetur.¹’
2385 3729 2628 3798 Utrum
2657 3752 2804 3808 ma-

1524 3893 1856 3916 conuento

667 3997 731 4043 18
761 3991 1025 4043 Tentabat
1047 3991 1253 4041 Ernest.
1286 3993 1549 4056 antiquato.
1635 3994 1766 4044 Mox
1795 3995 1812 4024 ⁴
1837 3993 1944 4058 legi
1977 3991 2186 4058 quidem
2223 3992 2388 4057 possit
2425 3993 2560 4050 Quia
2591 3995 2704 4044 dein
2737 3997 2802 4046 de

600 4056 1117 4120 commarca...
1136 4053 1295 4123 ,fleti
1321 4058 1400 4108 vel
1418 4071 1535 4108 cum
1552 4058 1718 4110 Gran.
1745 4057 2064 4116 Quiddeindae
2085 4063 2184 4108 tenu
2203 4057 2802 4125 mmm-..jar

1486 4241 1492 4248 ·
1585 4205 1806 4258 NOTAE

662 4297 687 4333 ὓ
732 4295 851 4348 Diis
886 4311 1061 4360 quoqne
1096 4298 1237 4356 enim,
1281 4313 1373 4349 m
1416 4301 1568 4351 solum
1603 4301 1882 4360 hominibus,
1925 4301 2150 4366 debetur]
2205 4299 2288 4351 An
2332 4297 2558 4357 addatur
2601 4301 2794 4353 nomen
