3177 4950
1024 467 1169 515 mu.
1217 466 1398 515 xcv,
1431 467 1614 517 car.
1667 453 1779 516 44.
2313 452 2496 519 :3823

298 612 465 687 lato,
494 628 643 675 cum
681 610 912 673 hostes
936 609 1275 678 exercitus
1302 596 1644 693 uunquam
1666 619 1694 661 ⁹
1735 611 2156 688 eduxissent,
2185 610 2370 675 nulla
2413 632 2518 703 re¹

298 710 721 776 memorabili
787 720 998 791 gesta,
1054 709 1348 777 Romam
1406 712 1493 775 ad
1560 713 1979 793 magistratus
2044 713 2486 795 surrogandos

298 813 661 889 redieruut,
682 819 753 881 et
781 813 995 894 primo
1019 814 1339 878 comitiali
1360 814 1473 878 die
1496 813 1816 877 consules
1837 820 2140 879 crearunt
2163 814 2259 879 Μ.
2281 814 2490 879 Clam.

296 914 487 980 dium
518 911 937 993 Marcellum,
961 913 1039 978 C.
1070 915 1440 998 Sulpicium
1468 914 1792 983 Gallum*
1883 914 2146 981 Deinde
2167 924 2494 998 praetores

293 1020 573 1097 postero
600 1013 713 1077 die
736 1013 817 1077 L.
846 1014 892 1079 J
896 1016 1193 1092 ulium‚¹0
1222 1016 1305 1079 Ι..
1334 1014 1742 1099 Appuleium
1773 1016 2224 1093 Saturninum,
2251 1014 2338 1081 A.
2371 1017 2486 1081 Li-

294 1116 545 1183 cinium
600 1114 915 1192 Nervam,
952 1116 1036 1180 P.
1081 1116 1411 1183 Rutilium
1450 1115 1758 1193 Calvum,
1805 1116 1886 1179 P.
1919 1116 2310 1195 Quintilium
2343 1116 2485 1181 Va-

292 1236 467 1287 rum,
498 1215 601 1281 M.
628 1216 1007 1282 Fonteium.
1054 1217 1193 1281 His
1220 1219 1620 1301 praetoribus
1650 1218 1806 1283 dum
1821 1217 2097 1283 urbanas
2121 1219 2490 1299 provinciae

294 1324 455 1381 suut
481 1314 789 1391 decretae,
820 1317 977 1383 duae
1004 1317 1380 1402 Hispaniae,
1410 1319 1648 1386 Sicilia
1673 1338 1758 1387 ac
1781 1328 1828 1357 ¹¹
1874 1318 2210 1383 Sardinia.
2277 1318 2492 1383 Inter-.

296 1418 590 1481 calutum
619 1437 703 1481 eo
726 1434 937 1482 auno:
969 1419 1299 1502 postridie
1313 1419 1722 1487 Terminalia
1743 1420 2175 1485 intercalares
2196 1419 2492 1488 fuerunt.

295 1516 535 1600 Augur
574 1537 659 1585 eo
700 1538 877 1583 auno
918 1528 1218 1584 mortuus
1261 1528 1369 1586 est
1412 1520 1495 1587 C.
1542 1520 1906 1587 Claudius:
1951 1522 2023 1586 in
2065 1521 2214 1604 ejus
2257 1522 2486 1586 locum

297 1637 587 1700 augures
612 1619 911 1701 legerunt
936 1620 1019 1688 Τ.
1052 1620 1400 1699 Quintium
1434 1621 1902 1687 Flamininum.
1947 1622 2038 1688 Et
2054 1622 2292 1688 flamen
2317 1622 2484 1701 Qui.
2525 1638 2532 1645 ·

294 1720 533 1784 riualis
562 1726 863 1785 mortuus
894 1721 985 1799 Q.
1016 1722 1277 1788 Fabius
1296 1729 1348 1762 ¹⁸
1394 1724 1646 1789 Pictor.
1731 1722 1836 1789 Eo
1863 1742 2034 1787 anuo
2059 1742 2182 1787 rex
2206 1723 2486 1790 Prusias

296 1821 480 1885 venit
524 1819 819 1891 Romam
860 1842 1017 1889 cum
1060 1822 1201 1887 filio
1247 1820 1644 1887 Nicomede.
1733 1824 1830 1900 Is,
1881 1841 2124 1903 magno
2165 1825 2488 1889 comitatu

300 1919 553 1986 Urbem
594 1922 951 2005 ingressus,
992 1925 1080 1989 ad
1122 1924 1337 1991 forum
1377 1942 1420 1987 a
1462 1929 1659 2007 porta
1687 1924 2108 2007 tribunalque
2139 1923 2226 2002 Q.
2259 1924 2486 1991 Cassii

295 2024 613 2104 praetoris
640 2026 969 2107 perrexit3
1014 2044 1480 2107 concursuque
1511 2026 1808 2109 undique
1835 2026 2035 2105 sacto,
2078 2028 2100 2059 ‘
2121 2025 2336 2103 Deos,
2367 2026 2488 2108 qui

298 2124 531 2191 urbem
564 2124 854 2192 Romam
888 2128 1272 2203 incolerent,
1300 2132 1736 2211 senatumque
1777 2132 1847 2193 et
1870 2126 2191 2211 populum
2235 2126 2486 2193 Roma·

294 2244 454 2289 num
514 2226 879 2295 salutatum
936 2248 1013 2293 se
1034 2228 1051 2257 '
1111 2228 1285 2294 dixit
1334 2232 1357 2261 ‘
1380 2229 1664 2306 venisse,
1713 2236 1780 2297 et
1837 2229 2256 2311 gratulatum,
2309 2229 2488 2310 quod

300 2326 548 2393 Persea
599 2326 1059 2414 Gentiumque
1106 2349 1297 2412 reges
1348 2330 1694 2410 vicissent,
1747 2330 2374 2412 Macedonibusque
2417 2337 2490 2395 et

298 2426 549 2512 Illyriis
604 2431 671 2494 in
714 2429 1033 2496 ditionem
1075 2430 1385 2507 redactis,
1438 2432 1787 2498 auxissent
1833 2430 2232 2514 imperium.'
2318 2429 2486 2496 Cum

297 2536 553 2612 praetor
582 2536 889 2610 senatum
924 2532 1012 2609 ei,
1048 2533 1113 2599 si
1156 2533 1339 2610 velit,
1383 2551 1467 2596 eo
1508 2531 1623 2596 die
1661 2532 1972 2600 daturum
2013 2532 2342 2612 dixissen
2384 2531 2486 2596 bi·-

296 2629 502 2694 duum
534 2633 752 2714 petiit,
778 2651 915 2715 quo
944 2633 1190 2715 templa
1226 2633 1449 2697 Deum
1474 2634 1836 2716 urbemque
1866 2638 1938 2696 et
1980 2631 2298 2715 hospites.
2323 2633 2486 2696 ami-

298 2749 553 2814 cosque
584 2732 844 2797 viseret.
936 2733 1187 2811 Datus,
1216 2735 1331 2816 qui
1362 2733 1888 2800 circumduceret
1915 2753 2095 2811 eum,
2131 2731 2213 2795 L.
2244 2729 2488 2796 Gorne-

296 2831 432 2898 lius
462 2831 697 2916 Scipio
726 2839 1045 2916 quoestor,
1076 2834 1197 2918 qui
1224 2841 1293 2899 et
1318 2833 1621 2918 Capuam
1649 2835 1714 2898 ei
1742 2834 2012 2898 obviam
2055 2834 2310 2920 missus
2341 2841 2486 2897 fue-

298 2939 442 3013 rat3
487 2939 555 2998 et
583 2933 790 3011 aedes,
822 2954 977 3017 qum
1020 2935 1241 3017 ipsum
1273 2933 1696 3018 comitesque
1735 2933 1886 3017 ejus
1922 2934 2209 3016 benigne
2235 2933 2489 3016 recipe*

297 3041 466 3110 rent,
490 3033 911 3099 conductae.¹³
984 3035 1218 3099 Tertio
1246 3040 1405 3118 post
1436 3035 1547 3099 die
1571 3041 1869 3100 senatum
1901 3034 2080 3115 adit;
2112 3035 2485 3115 gratulatus

298 3134 654 3198 victoriam
700 3141 841 3216 est;
882 3137 1117 3200 merita
1162 3153 1293 3200 sua
1321 3137 1389 3198 in
1415 3155 1499 3199 eo
1528 3131 1710 3199 bello
1742 3134 2326 3212 commemoravit3
2370 3153 2488 3218 pe·-

300 3235 434 3316 tiit,
479 3235 615 3302 ‘Ut
656 3241 882 3304 votum
924 3235 1057 3302 sibi
1110 3235 1399 3312 solvere,
1456 3233 1704 3302 Romae
1761 3234 1828 3299 in
1873 3231 2209 3316 Capitolio
2251 3233 2486 3309 decem

298 3337 585 3420 majores
626 3337 916 3415 hostias,
958 3342 1027 3401 et
1069 3336 1406 3400 Praeneste
1447 3353 1644 3399 uuam
1690 3335 2035 3410 Fortunae,
2076 3334 2330 3416 liceret;
2372 3335 2488 3420 (ea

301 3445 463 3502 vota
486 3459 607 3522 pro
632 3438 913 3506 victoria
936 3438 1171 3520 populi
1196 3435 1485 3502 Romani
1504 3455 1660 3500 esse
1681 3431 1737 3520 ς)
1756 3443 1830 3500 et
1847 3443 1922 3500 ut
1939 3435 2234 3500 societas
2257 3455 2486 3502 secum

300 3549 745 3622 renovaretur,
788 3559 1079 3626 agerque
1118 3536 1275 3615 sibi,
1318 3537 1402 3602 de
1446 3557 1596 3620 rege
1627 3535 1964 3602 Antiocho
1991 3541 2259 3620 captus,
2288 3555 2484 3625 quem

1096 3713 1105 3722 “
1209 3715 1568 3739 omnen

367 3835 400 3880 9
437 3831 687 3892 Nunquam
724 3832 955 3883 malebat
992 3831 1134 3882 Duk.
1172 3833 1358 3897 probb.
1392 3835 1545 3885 Crev.
1578 3839 1636 3882 et
1671 3835 1968 3884 Boon—1⁰
1999 3831 2060 3882 1..
2092 3832 2288 3882 Livium
2320 3831 2487 3881 Gron.

302 3896 520 3960 Doujat.
543 3897 823 3946 Crem—ll
855 3897 922 3945 Et
942 3911 1035 3974 pro
1053 3912 1111 3948 uc
1132 3897 1395 3960 eam—12
1423 3899 1497 3950 Μ.
1514 3899 1696 3952 fabia·
1719 3897 1840 3951 edd.
1856 3907 1980 3946 aute
1999 3897 2308 3958 sigum—18
2331 3895 2347 3922 ⁸
2367 3893 2486 3944 Hoc

302 3961 426 4014 mibi
450 3959 579 4010 mire
601 3957 667 4010 de
692 3957 889 4009 aedibus
909 3961 1112 4012 videtur
1128 3959 1251 4020 dici,
1270 3967 1324 4012 et
1344 3958 1518 4010 forsan
1540 3959 1740 4022 benig-ne
1761 3967 1884 4010 ante
1905 3961 2144 4010 coadmoe
2199 3957 2486 4010 oueudum:

300 4023 395 4079 sed
430 4037 495 4072 ue
531 4024 627 4072 boc
664 4021 869 4088 quidem
906 4025 1057 4074 valde
1096 4024 1308 4093 placen·
1342 4025 1479 4075 Dure.
1544 4025 1674 4074 Mox
1698 4039 1792 4089 pro
1814 4025 1936 4084 adit,
1958 4022 2095 4076 forte
2115 3975 2256 4081 nollit,
2277 4030 2332 4072 ut
2366 4026 2484 4074 mox

1290 4183 1504 4238 NOTAE

1078 4320 1085 4334 ·
1172 4305 1195 4352 0
1231 4296 1296 4347 Α.
1316 4299 1383 4348 U.
1405 4299 1463 4350 C.
1486 4301 1606 4349 50⁷.
