<?xml version="1.0" encoding="UTF-8"?>
<!DOCTYPE html PUBLIC "-//W3C//DTD XHTML 1.0 Transitional//EN"
    "http://www.w3.org/TR/xhtml1/DTD/xhtml1-transitional.dtd">
<html xmlns="http://www.w3.org/1999/xhtml" xml:lang="en" lang="en">
 <head>
  <title>
</title>
<meta http-equiv="Content-Type" content="text/html;charset=utf-8" />
  <meta name='ocr-system' content='tesseract 3.04.00' />
  <meta name='ocr-capabilities' content='ocr_page ocr_carea ocr_par ocr_line ocrx_word'/>
</head>
<body>
  <div class='ocr_page' id='page_1' title='image "./tliviipatavinih10rupegoog_0120.png"; bbox 0 0 3177 4950; ppageno 0'>
   <div class='ocr_carea' id='block_1_1' title="bbox 573 466 1821 533">
    <p class='ocr_par' dir='ltr' id='par_1_1' title="bbox 573 466 1821 533">
     <span class='ocr_line' id='line_1_1' title="bbox 573 466 1821 533; baseline -0.006 0"><span class='ocrx_word' id='word_1_1' title='bbox 573 466 750 533; x_wconf 71' lang='lat'><strong>3436</strong></span> <span class='ocrx_word' id='word_1_2' title='bbox 1509 481 1578 527; x_wconf 79' lang='grc' dir='ltr'><strong>τ.</strong></span> <span class='ocrx_word' id='word_1_3' title='bbox 1628 476 1821 527; x_wconf 75' lang='lat' dir='ltr'><strong>mvn</strong></span> 
     </span>
    </p>
   </div>
   <div class='ocr_carea' id='block_1_2' title="bbox 542 617 2817 3528">
    <p class='ocr_par' dir='ltr' id='par_1_2' title="bbox 542 617 2817 2929">
     <span class='ocr_line' id='line_1_2' title="bbox 542 617 2775 710; baseline -0.004 -19.869"><span class='ocrx_word' id='word_1_4' title='bbox 542 624 830 710; x_wconf 69' lang='lat' dir='ltr'><strong>-AEpulo</strong></span> <span class='ocrx_word' id='word_1_5' title='bbox 879 628 1243 707; x_wconf 86' lang='lat' dir='ltr'><strong>receperat,</strong></span> <span class='ocrx_word' id='word_1_6' title='bbox 1289 639 1558 687; x_wconf 87' lang='lat' dir='ltr'><strong>summa</strong></span> <span class='ocrx_word' id='word_1_7' title='bbox 1598 621 1665 684; x_wconf 82' lang='lat' dir='ltr'><strong>vi</strong></span> <span class='ocrx_word' id='word_1_8' title='bbox 1706 624 2199 702; x_wconf 80' lang='lat' dir='ltr'><strong>oppugnarunt.</strong></span> <span class='ocrx_word' id='word_1_9' title='bbox 2290 617 2393 682; x_wconf 87' lang='lat' dir='ltr'><strong>Eo</strong></span> <span class='ocrx_word' id='word_1_10' title='bbox 2438 618 2775 683; x_wconf 86' lang='lat' dir='ltr'><strong>Claudius</strong></span> 
     </span>
     <span class='ocr_line' id='line_1_3' title="bbox 577 716 2779 807; baseline -0.005 -14"><span class='ocrx_word' id='word_1_11' title='bbox 577 728 845 793; x_wconf 83' lang='lat' dir='ltr'><strong>duabus</strong></span> <span class='ocrx_word' id='word_1_12' title='bbox 871 716 1243 807; x_wconf 81' lang='lat' dir='ltr'><strong>legionibus</strong></span> <span class='ocrx_word' id='word_1_13' title='bbox 1269 722 1470 787; x_wconf 83' lang='lat' dir='ltr'><strong>novis</strong></span> <span class='ocrx_word' id='word_1_14' title='bbox 1503 720 1839 799; x_wconf 80' lang='lat' dir='ltr'><strong>adductis,</strong></span> <span class='ocrx_word' id='word_1_15' title='bbox 1873 730 2099 786; x_wconf 86' lang='lat' dir='ltr'><strong>vetere</strong></span> <span class='ocrx_word' id='word_1_16' title='bbox 2131 718 2433 786; x_wconf 84' lang='lat' dir='ltr'><strong>exercitu</strong></span> <span class='ocrx_word' id='word_1_17' title='bbox 2456 740 2607 784; x_wconf 90' lang='lat' dir='ltr'><strong>cum</strong></span> <span class='ocrx_word' id='word_1_18' title='bbox 2630 722 2779 783; x_wconf 87' lang='lat' dir='ltr'><strong>suis</strong></span> 
     </span>
     <span class='ocr_line' id='line_1_4' title="bbox 581 821 2778 909; baseline -0.004 -16"><span class='ocrx_word' id='word_1_19' title='bbox 581 828 872 893; x_wconf 86' lang='lat' dir='ltr'><strong>ducibus</strong></span> <span class='ocrx_word' id='word_1_20' title='bbox 905 827 1214 902; x_wconf 87' lang='lat' dir='ltr'><strong>dimisso,</strong></span> <span class='ocrx_word' id='word_1_21' title='bbox 1255 826 1404 909; x_wconf 85' lang='lat' dir='ltr'><strong>ipse</strong></span> <span class='ocrx_word' id='word_1_22' title='bbox 1446 824 1773 907; x_wconf 84' lang='lat' dir='ltr'><strong>oppidum</strong></span> <span class='ocrx_word' id='word_1_23' title='bbox 1826 821 2271 901; x_wconf 79' lang='lat' dir='ltr'><strong>circumsedit,</strong></span> <span class='ocrx_word' id='word_1_24' title='bbox 2310 829 2382 885; x_wconf 89' lang='lat' dir='ltr'><strong>et</strong></span> <span class='ocrx_word' id='word_1_25' title='bbox 2410 822 2623 885; x_wconf 82' lang='lat' dir='ltr'><strong>vincis</strong></span> <span class='ocrx_word' id='word_1_26' title='bbox 2652 842 2778 903; x_wconf 84' lang='lat' dir='ltr'><strong>op·</strong></span> 
     </span>
     <span class='ocr_line' id='line_1_5' title="bbox 578 922 2785 1013; baseline -0.003 -20"><span class='ocrx_word' id='word_1_27' title='bbox 578 945 870 1013; x_wconf 84' lang='lat' dir='ltr'><strong>pugnare</strong></span> <span class='ocrx_word' id='word_1_28' title='bbox 901 926 1210 1005; x_wconf 78' lang='lat' dir='ltr'><strong>intendit3</strong></span> <span class='ocrx_word' id='word_1_29' title='bbox 1241 944 1639 1008; x_wconf 86' lang='lat' dir='ltr'><strong>amnemque</strong></span> <span class='ocrx_word' id='word_1_30' title='bbox 1673 922 2225 1005; x_wconf 75' lang='lat' dir='ltr'><strong>praeterfluentem</strong></span> <span class='ocrx_word' id='word_1_31' title='bbox 2258 922 2529 1000; x_wconf 84' lang='lat' dir='ltr'><strong>moenia,</strong></span> <span class='ocrx_word' id='word_1_32' title='bbox 2559 922 2675 1005; x_wconf 90' lang='lat' dir='ltr'><strong>qui</strong></span> <span class='ocrx_word' id='word_1_33' title='bbox 2710 932 2785 987; x_wconf 87' lang='lat' dir='ltr'><strong>et</strong></span> 
     </span>
     <span class='ocr_line' id='line_1_6' title="bbox 583 1023 2782 1111; baseline -0.004 -18"><span class='ocrx_word' id='word_1_34' title='bbox 583 1027 1064 1111; x_wconf 83' lang='lat' dir='ltr'><strong>impedimento</strong></span> <span class='ocrx_word' id='word_1_35' title='bbox 1125 1026 1664 1110; x_wconf 75' lang='lat' dir='ltr'><strong>oppugnantibus</strong></span> <span class='ocrx_word' id='word_1_36' title='bbox 1724 1030 1893 1104; x_wconf 89' lang='lat' dir='ltr'><strong>erat,</strong></span> <span class='ocrx_word' id='word_1_37' title='bbox 1964 1034 2035 1089; x_wconf 92' lang='lat' dir='ltr'><strong>et</strong></span> <span class='ocrx_word' id='word_1_38' title='bbox 2092 1025 2523 1109; x_wconf 76' lang='lat' dir='ltr'><strong>aquationem</strong></span> <span class='ocrx_word' id='word_1_39' title='bbox 2586 1023 2782 1087; x_wconf 86' lang='lat' dir='ltr'><strong>Istris</strong></span> 
     </span>
     <span class='ocr_line' id='line_1_7' title="bbox 583 1127 2783 1215; baseline -0.003 -20"><span class='ocrx_word' id='word_1_40' title='bbox 583 1129 961 1215; x_wconf 80' lang='lat' dir='ltr'><strong>praebebat,</strong></span> <span class='ocrx_word' id='word_1_41' title='bbox 1013 1128 1370 1193; x_wconf 90' lang='lat' dir='ltr'><strong>multorum</strong></span> <span class='ocrx_word' id='word_1_42' title='bbox 1414 1127 1665 1193; x_wconf 85' lang='lat' dir='ltr'><strong>dierum</strong></span> <span class='ocrx_word' id='word_1_43' title='bbox 1714 1148 1913 1211; x_wconf 85' lang='lat' dir='ltr'><strong>opere</strong></span> <span class='ocrx_word' id='word_1_44' title='bbox 1958 1136 2316 1211; x_wconf 86' lang='lat' dir='ltr'><strong>exceptum</strong></span> <span class='ocrx_word' id='word_1_45' title='bbox 2362 1146 2537 1192; x_wconf 83' lang='lat' dir='ltr'><strong>novo</strong></span> <span class='ocrx_word' id='word_1_46' title='bbox 2583 1127 2783 1191; x_wconf 82' lang='lat' dir='ltr'><strong>alveo</strong></span> 
     </span>
     <span class='ocr_line' id='line_1_8' title="bbox 585 1226 2789 1297; baseline -0.003 -1"><span class='ocrx_word' id='word_1_47' title='bbox 585 1232 858 1297; x_wconf 87' lang='lat' dir='ltr'><strong>avertit.</strong></span> <span class='ocrx_word' id='word_1_48' title='bbox 969 1228 1070 1293; x_wconf 87' lang='lat' dir='ltr'><strong>Ea</strong></span> <span class='ocrx_word' id='word_1_49' title='bbox 1127 1248 1234 1293; x_wconf 88' lang='lat' dir='ltr'><strong>res</strong></span> <span class='ocrx_word' id='word_1_50' title='bbox 1293 1229 1616 1293; x_wconf 86' lang='lat' dir='ltr'><strong>barbaros</strong></span> <span class='ocrx_word' id='word_1_51' title='bbox 1673 1228 1997 1292; x_wconf 89' lang='lat' dir='ltr'><strong>miraculo</strong></span> <span class='ocrx_word' id='word_1_52' title='bbox 2072 1228 2311 1292; x_wconf 84' lang='lat' dir='ltr'><strong>terruit</strong></span> <span class='ocrx_word' id='word_1_53' title='bbox 2382 1226 2708 1290; x_wconf 67' lang='lat' dir='ltr'><strong>abscissae</strong></span> <span class='ocrx_word' id='word_1_54' title='bbox 2732 1234 2789 1265; x_wconf 76' lang='lat'><strong>¹0</strong></span> 
     </span>
     <span class='ocr_line' id='line_1_9' title="bbox 587 1326 2787 1416; baseline -0.003 -19"><span class='ocrx_word' id='word_1_55' title='bbox 587 1353 780 1416; x_wconf 79' lang='lat' dir='ltr'><strong>aquae</strong></span> <span class='ocrx_word' id='word_1_56' title='bbox 808 1353 821 1391; x_wconf 74' lang='grc' dir='ltr'>ε</span> <span class='ocrx_word' id='word_1_57' title='bbox 853 1340 924 1397; x_wconf 88' lang='lat' dir='ltr'><strong>et</strong></span> <span class='ocrx_word' id='word_1_58' title='bbox 954 1350 1034 1395; x_wconf 89' lang='lat' dir='ltr'><strong>ne</strong></span> <span class='ocrx_word' id='word_1_59' title='bbox 1065 1337 1206 1394; x_wconf 90' lang='lat' dir='ltr'><strong>tum</strong></span> <span class='ocrx_word' id='word_1_60' title='bbox 1247 1330 1514 1413; x_wconf 81' lang='lat' dir='ltr'><strong>quidem</strong></span> <span class='ocrx_word' id='word_1_61' title='bbox 1547 1348 1879 1394; x_wconf 78' lang='lat' dir='ltr'>memores</span> <span class='ocrx_word' id='word_1_62' title='bbox 1909 1329 2126 1412; x_wconf 88' lang='lat' dir='ltr'><strong>pacis,</strong></span> <span class='ocrx_word' id='word_1_63' title='bbox 2170 1330 2239 1392; x_wconf 89' lang='lat' dir='ltr'><strong>in</strong></span> <span class='ocrx_word' id='word_1_64' title='bbox 2268 1328 2521 1393; x_wconf 80' lang='lat' dir='ltr'><strong>caedem</strong></span> <span class='ocrx_word' id='word_1_65' title='bbox 2554 1326 2787 1410; x_wconf 86' lang='lat' dir='ltr'><strong>conju-</strong></span> 
     </span>
     <span class='ocr_line' id='line_1_10' title="bbox 587 1429 2789 1517; baseline -0.003 -20"><span class='ocrx_word' id='word_1_66' title='bbox 587 1454 738 1517; x_wconf 83' lang='lat' dir='ltr'><strong>gum</strong></span> <span class='ocrx_word' id='word_1_67' title='bbox 770 1453 850 1498; x_wconf 89' lang='lat' dir='ltr'><strong>ac</strong></span> <span class='ocrx_word' id='word_1_68' title='bbox 880 1434 1234 1498; x_wconf 82' lang='lat' dir='ltr'><strong>liberorum</strong></span> <span class='ocrx_word' id='word_1_69' title='bbox 1265 1434 1440 1496; x_wconf 87' lang='lat' dir='ltr'><strong>versi</strong></span> <span class='ocrx_word' id='word_1_70' title='bbox 1466 1449 1484 1511; x_wconf 87' lang='grc'><strong>;</strong></span> <span class='ocrx_word' id='word_1_71' title='bbox 1533 1431 1762 1509; x_wconf 88' lang='lat' dir='ltr'><strong>etiam,</strong></span> <span class='ocrx_word' id='word_1_72' title='bbox 1793 1436 1869 1496; x_wconf 88' lang='lat' dir='ltr'><strong>ut</strong></span> <span class='ocrx_word' id='word_1_73' title='bbox 1898 1429 2286 1513; x_wconf 87' lang='lat' dir='ltr'><strong>spectaculo</strong></span> <span class='ocrx_word' id='word_1_74' title='bbox 2316 1429 2621 1493; x_wconf 80' lang='lat' dir='ltr'><strong>hostibus</strong></span> <span class='ocrx_word' id='word_1_75' title='bbox 2646 1436 2789 1493; x_wconf 88' lang='lat' dir='ltr'><strong>tam</strong></span> 
     </span>
     <span class='ocr_line' id='line_1_11' title="bbox 587 1530 2791 1616; baseline -0.003 -16"><span class='ocrx_word' id='word_1_76' title='bbox 587 1536 856 1601; x_wconf 72' lang='lat' dir='ltr'><strong>foedumz</strong></span> <span class='ocrx_word' id='word_1_77' title='bbox 871 1535 1134 1598; x_wconf 85' lang='lat' dir='ltr'><strong>facinus</strong></span> <span class='ocrx_word' id='word_1_78' title='bbox 1161 1540 1368 1610; x_wconf 82' lang='lat' dir='ltr'><strong>esset,</strong></span> <span class='ocrx_word' id='word_1_79' title='bbox 1399 1532 1631 1616; x_wconf 86' lang='lat' dir='ltr'><strong>palam</strong></span> <span class='ocrx_word' id='word_1_80' title='bbox 1668 1533 1733 1596; x_wconf 88' lang='lat' dir='ltr'><strong>iu</strong></span> <span class='ocrx_word' id='word_1_81' title='bbox 1765 1533 1969 1597; x_wconf 88' lang='lat' dir='ltr'><strong>muris</strong></span> <span class='ocrx_word' id='word_1_82' title='bbox 2002 1530 2374 1596; x_wconf 81' lang='lat' dir='ltr'><strong>trucidatos</strong></span> <span class='ocrx_word' id='word_1_83' title='bbox 2398 1531 2791 1614; x_wconf 64' lang='lat' dir='ltr'><strong>praecipita·</strong></span> 
     </span>
     <span class='ocr_line' id='line_1_12' title="bbox 590 1632 2792 1717; baseline -0.002 -17"><span class='ocrx_word' id='word_1_84' title='bbox 590 1638 776 1702; x_wconf 88' lang='lat' dir='ltr'><strong>bant.</strong></span> <span class='ocrx_word' id='word_1_85' title='bbox 867 1635 1049 1699; x_wconf 87' lang='lat' dir='ltr'><strong>Inter</strong></span> <span class='ocrx_word' id='word_1_86' title='bbox 1079 1634 1282 1697; x_wconf 86' lang='lat' dir='ltr'><strong>simul</strong></span> <span class='ocrx_word' id='word_1_87' title='bbox 1313 1634 1907 1717; x_wconf 79' lang='lat' dir='ltr'><strong>complorationem</strong></span> <span class='ocrx_word' id='word_1_88' title='bbox 1952 1632 2365 1697; x_wconf 88' lang='lat' dir='ltr'><strong>foeminarum</strong></span> <span class='ocrx_word' id='word_1_89' title='bbox 2408 1650 2792 1714; x_wconf 85' lang='lat' dir='ltr'><strong>puerorum-</strong></span> 
     </span>
     <span class='ocr_line' id='line_1_13' title="bbox 590 1732 2793 1819; baseline -0.001 -20"><span class='ocrx_word' id='word_1_90' title='bbox 590 1754 742 1819; x_wconf 85' lang='lat' dir='ltr'><strong>que,</strong></span> <span class='ocrx_word' id='word_1_91' title='bbox 777 1736 974 1799; x_wconf 81' lang='lat' dir='ltr'><strong>simul</strong></span> <span class='ocrx_word' id='word_1_92' title='bbox 1017 1734 1366 1798; x_wconf 74' lang='lat' dir='ltr'><strong>nefandam</strong></span> <span class='ocrx_word' id='word_1_93' title='bbox 1420 1734 1703 1809; x_wconf 80' lang='lat' dir='ltr'><strong>caedem,</strong></span> <span class='ocrx_word' id='word_1_94' title='bbox 1746 1733 2017 1811; x_wconf 86' lang='lat' dir='ltr'><strong>milites,</strong></span> <span class='ocrx_word' id='word_1_95' title='bbox 2064 1732 2459 1816; x_wconf 77' lang='lat' dir='ltr'><strong>transgressi</strong></span> <span class='ocrx_word' id='word_1_96' title='bbox 2504 1749 2793 1809; x_wconf 81' lang='lat' dir='ltr'><strong>murum,</strong></span> 
     </span>
     <span class='ocr_line' id='line_1_14' title="bbox 591 1832 2797 1921; baseline -0.001 -20"><span class='ocrx_word' id='word_1_97' title='bbox 591 1837 910 1921; x_wconf 85' lang='lat' dir='ltr'><strong>oppidum</strong></span> <span class='ocrx_word' id='word_1_98' title='bbox 955 1838 1306 1901; x_wconf 84' lang='lat' dir='ltr'><strong>intrarunt.</strong></span> <span class='ocrx_word' id='word_1_99' title='bbox 1394 1833 1611 1917; x_wconf 85' lang='lat' dir='ltr'><strong>Cujus</strong></span> <span class='ocrx_word' id='word_1_100' title='bbox 1654 1834 1840 1916; x_wconf 85' lang='lat' dir='ltr'><strong>capti</strong></span> <span class='ocrx_word' id='word_1_101' title='bbox 1895 1834 2251 1899; x_wconf 86' lang='lat' dir='ltr'><strong>tumultum</strong></span> <span class='ocrx_word' id='word_1_102' title='bbox 2292 1839 2364 1899; x_wconf 91' lang='lat' dir='ltr'><strong>ut</strong></span> <span class='ocrx_word' id='word_1_103' title='bbox 2404 1848 2493 1897; x_wconf 78' lang='lat' dir='ltr'><strong>ex</strong></span> <span class='ocrx_word' id='word_1_104' title='bbox 2538 1832 2797 1917; x_wconf 83' lang='lat' dir='ltr'><strong>pavido</strong></span> 
     </span>
     <span class='ocr_line' id='line_1_15' title="bbox 592 1934 2795 2019; baseline -0.002 -17"><span class='ocrx_word' id='word_1_105' title='bbox 592 1937 879 2003; x_wconf 89' lang='lat' dir='ltr'><strong>clamore</strong></span> <span class='ocrx_word' id='word_1_106' title='bbox 929 1938 1324 2019; x_wconf 78' lang='lat' dir='ltr'><strong>fugientium</strong></span> <span class='ocrx_word' id='word_1_107' title='bbox 1379 1936 1642 2019; x_wconf 87' lang='lat' dir='ltr'><strong>accepit</strong></span> <span class='ocrx_word' id='word_1_108' title='bbox 1687 1954 1833 2013; x_wconf 82' lang='lat' dir='ltr'><strong>rex,</strong></span> <span class='ocrx_word' id='word_1_109' title='bbox 1880 1936 2139 2019; x_wconf 82' lang='lat' dir='ltr'><strong>trajecit</strong></span> <span class='ocrx_word' id='word_1_110' title='bbox 2188 1934 2361 1998; x_wconf 80' lang='lat' dir='ltr'><strong>ferro</strong></span> <span class='ocrx_word' id='word_1_111' title='bbox 2396 1940 2662 2017; x_wconf 86' lang='lat' dir='ltr'><strong>pectus,</strong></span> <span class='ocrx_word' id='word_1_112' title='bbox 2702 1954 2795 1998; x_wconf 88' lang='lat' dir='ltr'><strong>ne</strong></span> 
     </span>
     <span class='ocr_line' id='line_1_16' title="bbox 591 2034 2797 2121; baseline -0 -20"><span class='ocrx_word' id='word_1_113' title='bbox 591 2038 792 2102; x_wconf 85' lang='lat' dir='ltr'><strong>vivus</strong></span> <span class='ocrx_word' id='word_1_114' title='bbox 819 2044 1217 2121; x_wconf 85' lang='lat' dir='ltr'><strong>caperetur:</strong></span> <span class='ocrx_word' id='word_1_115' title='bbox 1249 2036 1456 2101; x_wconf 90' lang='lat' dir='ltr'><strong>ceteri</strong></span> <span class='ocrx_word' id='word_1_116' title='bbox 1485 2038 1689 2119; x_wconf 86' lang='lat' dir='ltr'><strong>capti,</strong></span> <span class='ocrx_word' id='word_1_117' title='bbox 1730 2042 1851 2102; x_wconf 83' lang='lat' dir='ltr'><strong>aut</strong></span> <span class='ocrx_word' id='word_1_118' title='bbox 1878 2034 2113 2100; x_wconf 85' lang='lat' dir='ltr'><strong>occisi.</strong></span> <span class='ocrx_word' id='word_1_119' title='bbox 2203 2036 2364 2101; x_wconf 91' lang='lat' dir='ltr'><strong>Duo</strong></span> <span class='ocrx_word' id='word_1_120' title='bbox 2395 2034 2638 2099; x_wconf 90' lang='lat' dir='ltr'><strong>deinde</strong></span> <span class='ocrx_word' id='word_1_121' title='bbox 2672 2056 2797 2119; x_wconf 87' lang='lat' dir='ltr'><strong>op-</strong></span> 
     </span>
     <span class='ocr_line' id='line_1_17' title="bbox 592 2135 2799 2222; baseline 0 -21"><span class='ocrx_word' id='word_1_122' title='bbox 592 2138 779 2222; x_wconf 87' lang='lat' dir='ltr'><strong>pida,</strong></span> <span class='ocrx_word' id='word_1_123' title='bbox 813 2137 1057 2201; x_wconf 85' lang='lat' dir='ltr'><strong>Mutila</strong></span> <span class='ocrx_word' id='word_1_124' title='bbox 1081 2144 1148 2201; x_wconf 92' lang='lat' dir='ltr'><strong>et</strong></span> <span class='ocrx_word' id='word_1_125' title='bbox 1179 2136 1510 2213; x_wconf 66' lang='lat' dir='ltr'><strong>Faveria,¹¹</strong></span> <span class='ocrx_word' id='word_1_126' title='bbox 1549 2136 1622 2200; x_wconf 88' lang='lat' dir='ltr'><strong>vi</strong></span> <span class='ocrx_word' id='word_1_127' title='bbox 1660 2143 1867 2219; x_wconf 85' lang='lat' dir='ltr'><strong>capta</strong></span> <span class='ocrx_word' id='word_1_128' title='bbox 1896 2142 1963 2200; x_wconf 89' lang='lat' dir='ltr'><strong>et</strong></span> <span class='ocrx_word' id='word_1_129' title='bbox 1992 2136 2235 2201; x_wconf 89' lang='lat' dir='ltr'><strong>deleta.</strong></span> <span class='ocrx_word' id='word_1_130' title='bbox 2323 2135 2593 2212; x_wconf 81' lang='lat' dir='ltr'><strong>Praeda,</strong></span> <span class='ocrx_word' id='word_1_131' title='bbox 2622 2146 2699 2201; x_wconf 82' lang='lat' dir='ltr'><strong>ut</strong></span> <span class='ocrx_word' id='word_1_132' title='bbox 2726 2138 2799 2202; x_wconf 88' lang='lat' dir='ltr'><strong>in</strong></span> 
     </span>
     <span class='ocr_line' id='line_1_18' title="bbox 595 2236 2799 2322; baseline -0 -20"><span class='ocrx_word' id='word_1_133' title='bbox 595 2248 794 2322; x_wconf 87' lang='lat' dir='ltr'><strong>gente</strong></span> <span class='ocrx_word' id='word_1_134' title='bbox 825 2239 1030 2321; x_wconf 89' lang='lat' dir='ltr'><strong>inopi,</strong></span> <span class='ocrx_word' id='word_1_135' title='bbox 1063 2256 1185 2321; x_wconf 89' lang='lat' dir='ltr'><strong>spe</strong></span> <span class='ocrx_word' id='word_1_136' title='bbox 1219 2236 1437 2321; x_wconf 88' lang='lat' dir='ltr'><strong>major</strong></span> <span class='ocrx_word' id='word_1_137' title='bbox 1454 2238 1603 2314; x_wconf 86' lang='lat' dir='ltr'><strong>fuit,</strong></span> <span class='ocrx_word' id='word_1_138' title='bbox 1632 2245 1701 2302; x_wconf 89' lang='lat' dir='ltr'><strong>et</strong></span> <span class='ocrx_word' id='word_1_139' title='bbox 1730 2240 1951 2302; x_wconf 86' lang='lat' dir='ltr'><strong>omnis</strong></span> <span class='ocrx_word' id='word_1_140' title='bbox 1974 2238 2297 2302; x_wconf 87' lang='lat' dir='ltr'><strong>militibus</strong></span> <span class='ocrx_word' id='word_1_141' title='bbox 2320 2256 2645 2303; x_wconf 87' lang='lat' dir='ltr'><strong>concessa</strong></span> <span class='ocrx_word' id='word_1_142' title='bbox 2664 2246 2799 2305; x_wconf 87' lang='lat' dir='ltr'><strong>est.</strong></span> 
     </span>
     <span class='ocr_line' id='line_1_19' title="bbox 598 2322 2817 2424; baseline 0 -19"><span class='ocrx_word' id='word_1_143' title='bbox 598 2340 914 2424; x_wconf 82' lang='lat' dir='ltr'><strong>Quinque</strong></span> <span class='ocrx_word' id='word_1_144' title='bbox 945 2339 1158 2403; x_wconf 87' lang='lat' dir='ltr'><strong>millia</strong></span> <span class='ocrx_word' id='word_1_145' title='bbox 1189 2340 1483 2422; x_wconf 87' lang='lat' dir='ltr'><strong>capitum</strong></span> <span class='ocrx_word' id='word_1_146' title='bbox 1531 2347 1855 2403; x_wconf 84' lang='lat' dir='ltr'><strong>sexcenta</strong></span> <span class='ocrx_word' id='word_1_147' title='bbox 1898 2338 2167 2420; x_wconf 84' lang='lat' dir='ltr'><strong>triginta</strong></span> <span class='ocrx_word' id='word_1_148' title='bbox 2212 2338 2351 2403; x_wconf 92' lang='lat' dir='ltr'><strong>duo</strong></span> <span class='ocrx_word' id='word_1_149' title='bbox 2389 2340 2519 2403; x_wconf 89' lang='lat' dir='ltr'><strong>sub</strong></span> <span class='ocrx_word' id='word_1_150' title='bbox 2549 2322 2817 2406; x_wconf 42' lang='lat' dir='ltr'><strong>corona*</strong></span> 
     </span>
     <span class='ocr_line' id='line_1_20' title="bbox 596 2440 2799 2526; baseline 0 -18"><span class='ocrx_word' id='word_1_151' title='bbox 596 2444 958 2508; x_wconf 85' lang='lat' dir='ltr'><strong>venierunt.</strong></span> <span class='ocrx_word' id='word_1_152' title='bbox 1048 2441 1383 2508; x_wconf 87' lang='lat' dir='ltr'><strong>Auctores</strong></span> <span class='ocrx_word' id='word_1_153' title='bbox 1426 2440 1584 2506; x_wconf 85' lang='lat' dir='ltr'><strong>belli</strong></span> <span class='ocrx_word' id='word_1_154' title='bbox 1616 2440 1831 2524; x_wconf 76' lang='lat' dir='ltr'><strong>‘virgis</strong></span> <span class='ocrx_word' id='word_1_155' title='bbox 1874 2442 2061 2520; x_wconf 71' lang='lat' dir='ltr'><strong>caesi,</strong></span> <span class='ocrx_word' id='word_1_156' title='bbox 2102 2445 2172 2505; x_wconf 86' lang='lat' dir='ltr'><strong>et</strong></span> <span class='ocrx_word' id='word_1_157' title='bbox 2210 2443 2427 2507; x_wconf 84' lang='lat' dir='ltr'><strong>securi</strong></span> <span class='ocrx_word' id='word_1_158' title='bbox 2470 2445 2799 2526; x_wconf 82' lang='lat' dir='ltr'><strong>percussi.</strong></span> 
     </span>
     <span class='ocr_line' id='line_1_21' title="bbox 599 2543 2803 2629; baseline 0.002 -22"><span class='ocrx_word' id='word_1_159' title='bbox 599 2543 801 2608; x_wconf 82' lang='lat' dir='ltr'><strong>Istria</strong></span> <span class='ocrx_word' id='word_1_160' title='bbox 833 2551 974 2609; x_wconf 88' lang='lat' dir='ltr'><strong>tota</strong></span> <span class='ocrx_word' id='word_1_161' title='bbox 1011 2547 1208 2609; x_wconf 87' lang='lat' dir='ltr'><strong>trium</strong></span> <span class='ocrx_word' id='word_1_162' title='bbox 1237 2543 1637 2627; x_wconf 85' lang='lat' dir='ltr'><strong>oppidorum</strong></span> <span class='ocrx_word' id='word_1_163' title='bbox 1670 2543 1945 2608; x_wconf 81' lang='lat' dir='ltr'><strong>excidio</strong></span> <span class='ocrx_word' id='word_1_164' title='bbox 1990 2555 2059 2606; x_wconf 87' lang='lat' dir='ltr'><strong>et</strong></span> <span class='ocrx_word' id='word_1_165' title='bbox 2100 2550 2315 2608; x_wconf 88' lang='lat' dir='ltr'><strong>morte</strong></span> <span class='ocrx_word' id='word_1_166' title='bbox 2348 2545 2523 2627; x_wconf 87' lang='lat' dir='ltr'><strong>regis</strong></span> <span class='ocrx_word' id='word_1_167' title='bbox 2554 2553 2803 2629; x_wconf 85' lang='lat' dir='ltr'><strong>pacata</strong></span> 
     </span>
     <span class='ocr_line' id='line_1_22' title="bbox 601 2644 2797 2728; baseline 0.002 -20"><span class='ocrx_word' id='word_1_168' title='bbox 601 2653 746 2708; x_wconf 84' lang='lat' dir='ltr'><strong>est:</strong></span> <span class='ocrx_word' id='word_1_169' title='bbox 777 2663 1137 2727; x_wconf 88' lang='lat' dir='ltr'><strong>omnesque</strong></span> <span class='ocrx_word' id='word_1_170' title='bbox 1163 2645 1454 2728; x_wconf 88' lang='lat' dir='ltr'><strong>undique</strong></span> <span class='ocrx_word' id='word_1_171' title='bbox 1487 2647 1743 2727; x_wconf 88' lang='lat' dir='ltr'><strong>populi,</strong></span> <span class='ocrx_word' id='word_1_172' title='bbox 1774 2644 2129 2709; x_wconf 87' lang='lat' dir='ltr'><strong>obsidibus</strong></span> <span class='ocrx_word' id='word_1_173' title='bbox 2153 2645 2359 2723; x_wconf 86' lang='lat' dir='ltr'><strong>datis,</strong></span> <span class='ocrx_word' id='word_1_174' title='bbox 2382 2647 2452 2710; x_wconf 91' lang='lat' dir='ltr'><strong>in</strong></span> <span class='ocrx_word' id='word_1_175' title='bbox 2472 2647 2797 2712; x_wconf 87' lang='lat' dir='ltr'><strong>ditionem</strong></span> 
     </span>
     <span class='ocr_line' id='line_1_23' title="bbox 599 2744 2803 2829; baseline 0.002 -20"><span class='ocrx_word' id='word_1_176' title='bbox 599 2751 941 2810; x_wconf 80' lang='lat' dir='ltr'><strong>venerunt.</strong></span> <span class='ocrx_word' id='word_1_177' title='bbox 1031 2745 1173 2808; x_wconf 89' lang='lat' dir='ltr'><strong>Sub</strong></span> <span class='ocrx_word' id='word_1_178' title='bbox 1203 2745 1431 2809; x_wconf 89' lang='lat' dir='ltr'><strong>Istrici</strong></span> <span class='ocrx_word' id='word_1_179' title='bbox 1462 2745 1658 2810; x_wconf 87' lang='lat' dir='ltr'><strong>finem</strong></span> <span class='ocrx_word' id='word_1_180' title='bbox 1688 2745 1845 2812; x_wconf 89' lang='lat' dir='ltr'><strong>belli</strong></span> <span class='ocrx_word' id='word_1_181' title='bbox 1873 2746 2056 2828; x_wconf 86' lang='lat' dir='ltr'><strong>apud</strong></span> <span class='ocrx_word' id='word_1_182' title='bbox 2088 2744 2369 2829; x_wconf 85' lang='lat' dir='ltr'><strong>Ligures</strong></span> <span class='ocrx_word' id='word_1_183' title='bbox 2400 2748 2685 2814; x_wconf 86' lang='lat' dir='ltr'><strong>concilia</strong></span> <span class='ocrx_word' id='word_1_184' title='bbox 2714 2750 2803 2814; x_wconf 91' lang='lat' dir='ltr'><strong>de</strong></span> 
     </span>
     <span class='ocr_line' id='line_1_24' title="bbox 600 2845 1327 2929; baseline 0.001 -20"><span class='ocrx_word' id='word_1_185' title='bbox 600 2845 781 2910; x_wconf 89' lang='lat' dir='ltr'><strong>bello</strong></span> <span class='ocrx_word' id='word_1_186' title='bbox 816 2845 1046 2909; x_wconf 83' lang='lat' dir='ltr'><strong>haberi</strong></span> <span class='ocrx_word' id='word_1_187' title='bbox 1075 2853 1327 2929; x_wconf 82' lang='lat' dir='ltr'><strong>coepta.</strong></span> 
     </span>
    </p>

    <p class='ocr_par' dir='ltr' id='par_1_3' title="bbox 600 2944 2814 3528">
     <span class='ocr_line' id='line_1_25' title="bbox 687 2944 2805 3032; baseline 0.002 -21"><span class='ocrx_word' id='word_1_188' title='bbox 687 2947 798 3011; x_wconf 79' lang='lat'><strong>12.</strong></span> <span class='ocrx_word' id='word_1_189' title='bbox 839 2947 981 3031; x_wconf 88' lang='grc'><strong>(17.</strong></span> <span class='ocrx_word' id='word_1_190' title='bbox 988 2944 1020 3029; x_wconf 89' lang='grc'>)</span> <span class='ocrx_word' id='word_1_191' title='bbox 1059 2946 1168 3010; x_wconf 87' lang='lat' dir='ltr'><strong>Ti.</strong></span> <span class='ocrx_word' id='word_1_192' title='bbox 1202 2946 1532 3011; x_wconf 84' lang='lat' dir='ltr'><strong>Claudius</strong></span> <span class='ocrx_word' id='word_1_193' title='bbox 1563 2948 1953 3028; x_wconf 88' lang='lat' dir='ltr'><strong>proconsul,</strong></span> <span class='ocrx_word' id='word_1_194' title='bbox 1980 2951 2093 3030; x_wconf 90' lang='lat' dir='ltr'><strong>qui</strong></span> <span class='ocrx_word' id='word_1_195' title='bbox 2123 2956 2367 3032; x_wconf 75' lang='lat' dir='ltr'><strong>praetor</strong></span> <span class='ocrx_word' id='word_1_196' title='bbox 2387 2950 2605 3032; x_wconf 86' lang='lat' dir='ltr'><strong>priore</strong></span> <span class='ocrx_word' id='word_1_197' title='bbox 2628 2970 2805 3015; x_wconf 85' lang='lat' dir='ltr'><strong>anno</strong></span> 
     </span>
     <span class='ocr_line' id='line_1_26' title="bbox 602 3047 2807 3134; baseline 0.001 -23"><span class='ocrx_word' id='word_1_198' title='bbox 602 3047 838 3123; x_wconf 80' lang='lat' dir='ltr'><strong>fuerat,</strong></span> <span class='ocrx_word' id='word_1_199' title='bbox 870 3068 1024 3111; x_wconf 90' lang='lat' dir='ltr'><strong>cum</strong></span> <span class='ocrx_word' id='word_1_200' title='bbox 1056 3048 1376 3131; x_wconf 79' lang='lat' dir='ltr'><strong>praesidio</strong></span> <span class='ocrx_word' id='word_1_201' title='bbox 1405 3048 1689 3129; x_wconf 86' lang='lat' dir='ltr'><strong>legionis</strong></span> <span class='ocrx_word' id='word_1_202' title='bbox 1720 3049 1919 3112; x_wconf 87' lang='lat' dir='ltr'><strong>unius</strong></span> <span class='ocrx_word' id='word_1_203' title='bbox 1963 3049 2149 3112; x_wconf 86' lang='lat' dir='ltr'><strong>Pisis</strong></span> <span class='ocrx_word' id='word_1_204' title='bbox 2178 3056 2475 3132; x_wconf 79' lang='lat' dir='ltr'><strong>praeerat.</strong></span> <span class='ocrx_word' id='word_1_205' title='bbox 2585 3050 2807 3134; x_wconf 88' lang='lat' dir='ltr'><strong>Cujus</strong></span> 
     </span>
     <span class='ocr_line' id='line_1_27' title="bbox 600 3147 2805 3232; baseline 0.001 -20"><span class='ocrx_word' id='word_1_206' title='bbox 600 3148 813 3212; x_wconf 87' lang='lat' dir='ltr'><strong>literis</strong></span> <span class='ocrx_word' id='word_1_207' title='bbox 845 3155 1121 3211; x_wconf 74' lang='lat' dir='ltr'><strong>senat-is</strong></span> <span class='ocrx_word' id='word_1_208' title='bbox 1153 3149 1394 3212; x_wconf 85' lang='lat' dir='ltr'><strong>certior</strong></span> <span class='ocrx_word' id='word_1_209' title='bbox 1421 3147 1666 3224; x_wconf 80' lang='lat' dir='ltr'><strong>factus,</strong></span> <span class='ocrx_word' id='word_1_210' title='bbox 1697 3167 1814 3212; x_wconf 86' lang='lat' dir='ltr'><strong>eas</strong></span> <span class='ocrx_word' id='word_1_211' title='bbox 1844 3150 2030 3232; x_wconf 84' lang='lat' dir='ltr'><strong>ipsas</strong></span> <span class='ocrx_word' id='word_1_212' title='bbox 2056 3151 2285 3214; x_wconf 85' lang='lat' dir='ltr'><strong>literas</strong></span> <span class='ocrx_word' id='word_1_213' title='bbox 2310 3157 2356 3188; x_wconf 89' lang='lat'><strong>¹¹</strong></span> <span class='ocrx_word' id='word_1_214' title='bbox 2390 3148 2475 3215; x_wconf 87' lang='lat' dir='ltr'><strong>ad</strong></span> <span class='ocrx_word' id='word_1_215' title='bbox 2500 3149 2579 3214; x_wconf 90' lang='lat' dir='ltr'><strong>C.</strong></span> <span class='ocrx_word' id='word_1_216' title='bbox 2604 3149 2805 3215; x_wconf 89' lang='lat' dir='ltr'><strong>Clan-</strong></span> 
     </span>
     <span class='ocr_line' id='line_1_28' title="bbox 607 3247 2808 3334; baseline 0.001 -21"><span class='ocrx_word' id='word_1_217' title='bbox 607 3249 790 3313; x_wconf 88' lang='lat' dir='ltr'><strong>dium</strong></span> <span class='ocrx_word' id='word_1_218' title='bbox 839 3247 1029 3332; x_wconf 90' lang='lat' dir='ltr'><strong>(nam</strong></span> <span class='ocrx_word' id='word_1_219' title='bbox 1063 3249 1226 3312; x_wconf 89' lang='lat' dir='ltr'><strong>alter</strong></span> <span class='ocrx_word' id='word_1_220' title='bbox 1257 3249 1493 3312; x_wconf 90' lang='lat' dir='ltr'><strong>consul</strong></span> <span class='ocrx_word' id='word_1_221' title='bbox 1528 3247 1675 3329; x_wconf 89' lang='lat' dir='ltr'><strong>jam</strong></span> <span class='ocrx_word' id='word_1_222' title='bbox 1705 3251 1773 3313; x_wconf 90' lang='lat' dir='ltr'><strong>in</strong></span> <span class='ocrx_word' id='word_1_223' title='bbox 1806 3249 2183 3314; x_wconf 87' lang='lat' dir='ltr'><strong>Sardiniam</strong></span> <span class='ocrx_word' id='word_1_224' title='bbox 2218 3249 2601 3334; x_wconf 81' lang='lat' dir='ltr'><strong>trajecerat)</strong></span> <span class='ocrx_word' id='word_1_225' title='bbox 2625 3252 2808 3316; x_wconf 80' lang='lat' dir='ltr'><strong>defe-</strong></span> 
     </span>
     <span class='ocr_line' id='line_1_29' title="bbox 605 3348 2811 3436; baseline 0.002 -22"><span class='ocrx_word' id='word_1_226' title='bbox 605 3348 850 3414; x_wconf 83' lang='lat' dir='ltr'><strong>rendas</strong></span> <span class='ocrx_word' id='word_1_227' title='bbox 877 3356 1133 3426; x_wconf 87' lang='lat' dir='ltr'><strong>censet,</strong></span> <span class='ocrx_word' id='word_1_228' title='bbox 1161 3359 1232 3412; x_wconf 89' lang='lat' dir='ltr'><strong>et</strong></span> <span class='ocrx_word' id='word_1_229' title='bbox 1271 3348 1506 3432; x_wconf 88' lang='lat' dir='ltr'><strong>adjicit</strong></span> <span class='ocrx_word' id='word_1_230' title='bbox 1551 3349 1932 3416; x_wconf 85' lang='lat' dir='ltr'><strong>decretum:</strong></span> <span class='ocrx_word' id='word_1_231' title='bbox 1980 3355 2001 3384; x_wconf 86' lang='lat'>‘</span> <span class='ocrx_word' id='word_1_232' title='bbox 2028 3353 2350 3434; x_wconf 85' lang='lat' dir='ltr'><strong>quoniam</strong></span> <span class='ocrx_word' id='word_1_233' title='bbox 2396 3350 2600 3416; x_wconf 85' lang='lat' dir='ltr'><strong>Istria</strong></span> <span class='ocrx_word' id='word_1_234' title='bbox 2650 3374 2811 3436; x_wconf 90' lang='lat' dir='ltr'><strong>pro-</strong></span> 
     </span>
     <span class='ocr_line' id='line_1_30' title="bbox 605 3449 2814 3528; baseline 0 -10"><span class='ocrx_word' id='word_1_235' title='bbox 605 3453 830 3518; x_wconf 79' lang='lat' dir='ltr'><strong>vincia</strong></span> <span class='ocrx_word' id='word_1_236' title='bbox 861 3450 1164 3515; x_wconf 82' lang='lat' dir='ltr'><strong>confecta</strong></span> <span class='ocrx_word' id='word_1_237' title='bbox 1193 3459 1404 3527; x_wconf 83' lang='lat' dir='ltr'><strong>esset,</strong></span> <span class='ocrx_word' id='word_1_238' title='bbox 1453 3449 1513 3514; x_wconf 88' lang='lat' dir='ltr'><strong>si</strong></span> <span class='ocrx_word' id='word_1_239' title='bbox 1543 3449 1606 3513; x_wconf 92' lang='lat' dir='ltr'><strong>ei</strong></span> <span class='ocrx_word' id='word_1_240' title='bbox 1638 3449 1989 3528; x_wconf 82' lang='lat' dir='ltr'><strong>videretur,</strong></span> <span class='ocrx_word' id='word_1_241' title='bbox 2022 3453 2388 3516; x_wconf 68' lang='lat' dir='ltr'><strong>exercitum</strong></span> <span class='ocrx_word' id='word_1_242' title='bbox 2430 3453 2814 3518; x_wconf 86' lang='lat' dir='ltr'><strong>traduceret</strong></span> 
     </span>
    </p>
   </div>
   <div class='ocr_carea' id='block_1_3' title="bbox 1516 3621 1883 3650">
    <p class='ocr_par' dir='ltr' id='par_1_4' title="bbox 1516 3621 1883 3650">
     <span class='ocr_line' id='line_1_31' title="bbox 1516 3621 1883 3650; baseline -0.003 0"><span class='ocrx_word' id='word_1_243' title='bbox 1516 3621 1883 3650; x_wconf 63' lang='lat' dir='ltr'><strong>mm</strong></span> 
     </span>
    </p>
   </div>
   <div class='ocr_carea' id='block_1_4' title="bbox 611 3742 1859 3795">
    <p class='ocr_par' dir='ltr' id='par_1_5' title="bbox 611 3742 1859 3795">
     <span class='ocr_line' id='line_1_32' title="bbox 611 3742 1859 3795; baseline -0.004 0"><span class='ocrx_word' id='word_1_244' title='bbox 611 3744 819 3795; x_wconf 73' lang='lat' dir='ltr'><strong>elaver.</strong></span> <span class='ocrx_word' id='word_1_245' title='bbox 842 3752 897 3792; x_wconf 84' lang='lat' dir='ltr'><strong>et</strong></span> <span class='ocrx_word' id='word_1_246' title='bbox 919 3743 1246 3794; x_wconf 60' lang='lat' dir='ltr'><strong>cellah—10</strong></span> <span class='ocrx_word' id='word_1_247' title='bbox 1276 3742 1492 3792; x_wconf 59' lang='lat' dir='ltr'><strong>Ahar-’n</strong></span> <span class='ocrx_word' id='word_1_248' title='bbox 1511 3743 1673 3793; x_wconf 83' lang='lat' dir='ltr'><strong>Docr.</strong></span> <span class='ocrx_word' id='word_1_249' title='bbox 1698 3743 1859 3794; x_wconf 80' lang='lat' dir='ltr'><strong>Drsk.</strong></span> 
     </span>
    </p>
   </div>
   <div class='ocr_carea' id='block_1_5' title="bbox 1608 3903 1819 3955">
    <p class='ocr_par' dir='ltr' id='par_1_6' title="bbox 1608 3903 1819 3955">
     <span class='ocr_line' id='line_1_33' title="bbox 1608 3903 1819 3955; baseline 0 -1"><span class='ocrx_word' id='word_1_250' title='bbox 1608 3903 1819 3955; x_wconf 73' lang='lat' dir='ltr'>NOTAE</span> 
     </span>
    </p>
   </div>
   <div class='ocr_carea' id='block_1_6' title="bbox 493 3999 2814 4064">
    <p class='ocr_par' dir='ltr' id='par_1_7' title="bbox 493 3999 2814 4064">
     <span class='ocr_line' id='line_1_34' title="bbox 493 3999 2814 4064; baseline 0.001 -13"><span class='ocrx_word' id='word_1_251' title='bbox 493 4031 500 4036; x_wconf 97' lang='lat'>-</span> <span class='ocrx_word' id='word_1_252' title='bbox 610 4002 761 4052; x_wconf 83' lang='lat' dir='ltr'><strong>minis</strong></span> <span class='ocrx_word' id='word_1_253' title='bbox 821 3999 988 4050; x_wconf 77' lang='lat' dir='ltr'><strong>Arsiae</strong></span> <span class='ocrx_word' id='word_1_254' title='bbox 1035 4001 1085 4048; x_wconf 85' lang='lat' dir='ltr'><strong>in</strong></span> <span class='ocrx_word' id='word_1_255' title='bbox 1131 3999 1455 4050; x_wconf 78' lang='lat' dir='ltr'><strong>Flanaticum</strong></span> <span class='ocrx_word' id='word_1_256' title='bbox 1502 4000 1668 4049; x_wconf 84' lang='lat' dir='ltr'><strong>sinum</strong></span> <span class='ocrx_word' id='word_1_257' title='bbox 1748 4002 2041 4057; x_wconf 77' lang='lat' dir='ltr'><strong>locum.eui</strong></span> <span class='ocrx_word' id='word_1_258' title='bbox 2080 4014 2264 4051; x_wconf 85' lang='lat' dir='ltr'><strong>nomeu</strong></span> <span class='ocrx_word' id='word_1_259' title='bbox 2290 4001 2441 4051; x_wconf 79' lang='lat' dir='ltr'><strong>bodie</strong></span> <span class='ocrx_word' id='word_1_260' title='bbox 2462 4002 2814 4064; x_wconf 58' lang='lat' dir='ltr'><strong>Medeliamsd</strong></span> 
     </span>
    </p>
   </div>
   <div class='ocr_carea' id='block_1_7' title="bbox 609 4075 2819 4372">
    <p class='ocr_par' dir='ltr' id='par_1_8' title="bbox 609 4075 2814 4140">
     <span class='ocr_line' id='line_1_35' title="bbox 609 4075 2814 4140; baseline -0 -11"><span class='ocrx_word' id='word_1_261' title='bbox 609 4093 723 4129; x_wconf 83' lang='lat' dir='ltr'><strong>sese</strong></span> <span class='ocrx_word' id='word_1_262' title='bbox 749 4077 1116 4127; x_wconf 79' lang='lat' dir='ltr'><strong>exonerantis:</strong></span> <span class='ocrx_word' id='word_1_263' title='bbox 1151 4075 1306 4126; x_wconf 82' lang='lat' dir='ltr'><strong>bodie</strong></span> <span class='ocrx_word' id='word_1_264' title='bbox 1339 4078 1638 4126; x_wconf 75' lang='lat' dir='ltr'><strong>Custelnovo.</strong></span> <span class='ocrx_word' id='word_1_265' title='bbox 1749 4077 2045 4126; x_wconf 78' lang='lat' dir='ltr'><strong>Polaticum</strong></span> <span class='ocrx_word' id='word_1_266' title='bbox 2090 4078 2533 4140; x_wconf 82' lang='lat' dir='ltr'><strong>promontorium:</strong></span> <span class='ocrx_word' id='word_1_267' title='bbox 2576 4079 2814 4128; x_wconf 63' lang='lat' dir='ltr'><strong>Faveria</strong></span> 
     </span>
    </p>

    <p class='ocr_par' dir='ltr' id='par_1_9' title="bbox 609 4151 2819 4372">
     <span class='ocr_line' id='line_1_36' title="bbox 638 4151 2819 4218; baseline 0.001 -15"><span class='ocrx_word' id='word_1_268' title='bbox 638 4155 658 4163; x_wconf 82' lang='lat'><strong><em>&#39;</em></strong></span> <span class='ocrx_word' id='word_1_269' title='bbox 673 4165 695 4189; x_wconf 80' lang='lat'><strong>¹¹</strong></span> <span class='ocrx_word' id='word_1_270' title='bbox 734 4155 914 4204; x_wconf 68' lang='lat' dir='ltr'><strong>Mutila</strong></span> <span class='ocrx_word' id='word_1_271' title='bbox 933 4159 982 4204; x_wconf 71' lang='lat' dir='ltr'><strong>et</strong></span> <span class='ocrx_word' id='word_1_272' title='bbox 1005 4151 1234 4218; x_wconf 71' lang='lat' dir='ltr'><strong>Faveria]</strong></span> <span class='ocrx_word' id='word_1_273' title='bbox 1254 4155 1439 4204; x_wconf 80' lang='lat' dir='ltr'><strong>Istrica</strong></span> <span class='ocrx_word' id='word_1_274' title='bbox 1463 4167 1669 4218; x_wconf 82' lang='lat' dir='ltr'><strong>quoque</strong></span> <span class='ocrx_word' id='word_1_275' title='bbox 1748 4158 1920 4201; x_wconf 83' lang='lat' dir='ltr'><strong>autem</strong></span> <span class='ocrx_word' id='word_1_276' title='bbox 1956 4155 2267 4202; x_wconf 70' lang='lat' dir='ltr'><strong>successisse</strong></span> <span class='ocrx_word' id='word_1_277' title='bbox 2292 4154 2545 4218; x_wconf 78' lang='lat' dir='ltr'><strong>oppidum</strong></span> <span class='ocrx_word' id='word_1_278' title='bbox 2568 4155 2819 4205; x_wconf 76' lang='lat' dir='ltr'><strong>mediter·</strong></span> 
     </span>
     <span class='ocr_line' id='line_1_37' title="bbox 609 4227 2817 4295; baseline 0.001 -14"><span class='ocrx_word' id='word_1_279' title='bbox 609 4231 823 4294; x_wconf 77' lang='lat' dir='ltr'><strong>oppida,</strong></span> <span class='ocrx_word' id='word_1_280' title='bbox 863 4243 1074 4294; x_wconf 83' lang='lat' dir='ltr'><strong>quorum</strong></span> <span class='ocrx_word' id='word_1_281' title='bbox 1123 4231 1355 4278; x_wconf 78' lang='lat' dir='ltr'><strong>incertus</strong></span> <span class='ocrx_word' id='word_1_282' title='bbox 1399 4235 1481 4280; x_wconf 78' lang='lat' dir='ltr'><strong>est</strong></span> <span class='ocrx_word' id='word_1_283' title='bbox 1521 4229 1668 4277; x_wconf 86' lang='lat' dir='ltr'><strong>situs.</strong></span> <span class='ocrx_word' id='word_1_284' title='bbox 1750 4241 1959 4278; x_wconf 78' lang='lat' dir='ltr'><strong>rancum</strong></span> <span class='ocrx_word' id='word_1_285' title='bbox 2002 4229 2176 4292; x_wconf 70' lang='lat' dir='ltr'><strong>Pecu-a,</strong></span> <span class='ocrx_word' id='word_1_286' title='bbox 2202 4229 2369 4280; x_wconf 63' lang='lat' dir='ltr'><strong>Arsia</strong></span> <span class='ocrx_word' id='word_1_287' title='bbox 2406 4227 2565 4279; x_wconf 81' lang='lat' dir='ltr'><strong>fluvio</strong></span> <span class='ocrx_word' id='word_1_288' title='bbox 2607 4234 2817 4295; x_wconf 83' lang='lat' dir='ltr'><strong>apposi-</strong></span> 
     </span>
     <span class='ocr_line' id='line_1_38' title="bbox 611 4307 1879 4372; baseline -0.006 -12"><span class='ocrx_word' id='word_1_289' title='bbox 611 4309 884 4360; x_wconf 82' lang='lat' dir='ltr'><strong>Cluverius</strong></span> <span class='ocrx_word' id='word_1_290' title='bbox 931 4308 1136 4358; x_wconf 76' lang='lat' dir='ltr'><strong>Murilae</strong></span> <span class='ocrx_word' id='word_1_291' title='bbox 1173 4313 1322 4372; x_wconf 80' lang='lat' dir='ltr'><strong>putat</strong></span> <span class='ocrx_word' id='word_1_292' title='bbox 1360 4307 1669 4358; x_wconf 73' lang='lat' dir='ltr'><strong>successisse</strong></span> <span class='ocrx_word' id='word_1_293' title='bbox 1752 4312 1879 4354; x_wconf 81' lang='lat' dir='ltr'><strong>tum.</strong></span> 
     </span>
    </p>
   </div>
  </div>
 </body>
</html>
