3177 4950
549 365 728 432 3464
1504 379 1575 428 τ.
1624 377 1815 428 mvn

619 523 748 590 53.
793 523 1044 603 Biduo,
1089 541 1230 608 quo
1276 526 1578 588 sonatum
1626 520 1929 605 legerunt
1956 537 2289 600 censores,
2320 520 2409 601 ρ’.
2456 519 2745 588 Fulvius

551 625 817 704 consul,
847 625 1188 710 profectus
1219 625 1290 690 in
1319 623 1630 707 Ligures,
1674 643 1795 708 per
1839 624 2063 690 invios
2101 629 2367 690 montes
2396 623 2749 707 vallesque

551 727 766 792 saltus
787 734 812 774 ⁵
839 747 989 792 cum
1013 727 1314 792 exercitu
1331 732 1819 806 transgressae,
1844 725 2057 807 signis
2082 723 2353 790 collatis
2374 743 2523 789 cum
2546 724 2749 791 hoste

549 829 888 911 pugnavit,
913 847 1128 910 neque
1157 831 1416 892 tantum
1441 827 1587 891 acie
1610 827 1796 905 vicit,
1825 826 1941 892 sed
1964 833 2191 892 castra
2204 845 2479 909 quoque
2498 826 2747 892 eodem

550 929 660 994 die
690 930 886 1014 cepit.
973 929 1140 994 Tria
1169 929 1382 994 millia
1413 927 1685 994 ducenti
1724 929 2049 1003 bostium,
2078 929 2425 1011 omnisque
2450 948 2535 993 ea
2560 928 2755 1010 regio

551 1031 870 1112 Ligurum
898 1031 964 1095 in
993 1030 1398 1095 deditionem
1433 1031 1635 1094 venit.
1728 1030 1985 1096 Consul
2020 1030 2287 1094 deditos
2320 1030 2391 1094 in
2438 1047 2749 1111 campes-

549 1138 682 1196 tres
713 1147 908 1215 agros
937 1132 1242 1210 deduxit,
1275 1131 1719 1216 praesidiaque
1744 1132 2084 1198 montibus
2112 1130 2463 1214 imposuit.
2549 1129 2747 1195 Cele-

546 1233 704 1298 riter
729 1237 798 1297 et
825 1253 918 1298 ex
967 1235 1309 1317 provincia
1351 1235 1566 1298 literae
1612 1231 1901 1298 Romam
1952 1225 2293 1296 venerunt.
2382 1233 2747 1316 Supplices·

547 1331 806 1399 tiones⁶
836 1335 925 1398 ob
951 1353 1070 1398 eas
1095 1354 1206 1399 res
1237 1342 1462 1416 gestas
1491 1334 1560 1398 in
1587 1332 1882 1398 triduum
1912 1333 2197 1398 decretae
2226 1339 2400 1400 sunt.
2478 1335 2741 1400 Prato-

547 1457 656 1502 res
701 1437 1139 1520 quadraginta
1179 1437 1422 1501 hostiis
1463 1435 1837 1518 majoribus
1885 1453 2005 1519 per
2044 1435 2579 1518 supplicationes
2606 1455 2749 1502 rem

547 1540 840 1605 divinam
887 1541 1210 1606 fecerunt.
1301 1537 1412 1602 Ab
1451 1538 1661 1602 altero
1705 1537 1981 1603 consule
2010 1538 2091 1604 L.
2126 1538 2387 1604 Manlio
2412 1536 2579 1604 nihil
2606 1557 2749 1604 me-

547 1642 759 1705 moria
789 1642 1054 1725 dignum
1084 1643 1152 1707 in
1183 1641 1544 1724 Liguribus
1577 1647 1687 1704 est
1714 1647 1993 1722 gestum.
2080 1637 2269 1704 Galli
2292 1640 2749 1723 Transalpini,

544 1745 671 1807 tria
699 1743 916 1808 millia
943 1743 1296 1824 hominum,
1342 1743 1410 1807 in
1445 1741 1717 1806 Italiam
1746 1742 2165 1823 transgressi,
2206 1743 2531 1808 neminem
2562 1741 2749 1808 bellu

543 1843 977 1916 lacessentes,
1023 1865 1248 1926 agrum
1301 1862 1344 1908 a
1388 1842 1779 1908 consulibus
1803 1851 1829 1892 ⁷
1878 1849 1946 1907 et
1990 1849 2225 1908 senatu
2270 1844 2613 1926 petebant,
2665 1848 2747 1907 ut

544 1945 772 2028 pacati
818 1944 946 2008 sub
995 1944 1276 2026 imperio
1324 1943 1566 2027 populi
1618 1942 1914 2009 Romani
1956 1947 2243 2008 essent.‘
2292 1943 2431 2008 Eos
2470 1951 2741 2010 senatus

546 2045 882 2110 excedere
917 2041 1123 2110 Italia
1142 2043 1376 2128 jussit,
1406 2050 1472 2108 et
1503 2045 1845 2112 consulem
1877 2044 1968 2125 Q.
2001 2045 2316 2113 Fulvium
2344 2065 2642 2132 quaerere
2670 2053 2745 2114 et

544 2145 1070 2218 animadvertere
1111 2147 1180 2208 in
1225 2165 1364 2223 coe,
1396 2148 1514 2228 qui
1559 2147 1897 2232 principes
1939 2154 2006 2212 et
2049 2153 2359 2212 auctores
2398 2153 2747 2214 transceu-

543 2245 750 2312 dendi
779 2247 996 2330 Alpes
1026 2246 1332 2313 fuissent.

626 2349 735 2413 54.
783 2349 1040 2414 Eodem
1089 2367 1264 2414 anno
1321 2349 1689 2436 Philippus
1736 2369 1856 2416 rex
1910 2351 2391 2432 Macedonum,
2436 2352 2623 2417 senio
2670 2361 2745 2420 et

539 2468 824 2517 moerore
853 2458 1240 2518 consumtus
1265 2459 1717 2538 postmortem
1742 2453 1891 2532 filii,
1912 2453 2223 2520 decessit.
2309 2453 2745 2523 Demetriade

539 2550 976 2634 hybernabat,
1011 2566 1164 2619 cum·
1192 2555 1523 2621 desiderio
1555 2557 1797 2623 anxius
1828 2556 1976 2635 filii,
2006 2562 2149 2621 tum
2175 2557 2571 2641 poenitentia
2592 2578 2743 2623 cru·

539 2653 846 2717 delitatis
889 2674 1056 2719 suae.
1144 2656 1551 2722 Stimulabat
1603 2659 1895 2722 animum
1942 2663 2012 2722 et
2056 2658 2231 2722 alter
2274 2658 2511 2737 filins,⁸
2559 2659 2739 2724 haud

542 2752 748 2817 dubie
779 2760 849 2819 et
878 2774 1000 2819 sua
1028 2760 1096 2821 et
1123 2756 1409 2822 aliorum
1445 2760 1765 2843 opinione
1804 2778 1954 2838 rex,
2002 2761 2441 2845 conversique
2484 2764 2555 2825 in
2586 2780 2739 2825 eum

541 2856 833 2921 omnium
875 2859 1078 2936 oculi,
1120 2868 1190 2924 et
1233 2860 1556 2927 destituta
1604 2870 1964 2939 senectus;
2008 2862 2165 2927 aliis
2204 2864 2738 2947 expectantibus

540 2975 728 3021 suam
759 2966 1064 3037 mortem,
1106 2960 1259 3025 aliis
1295 2981 1377 3026 ne
1405 2965 1927 3047 expectantibus
1952 2963 2243 3047 quidem.
2332 2964 2495 3045 Quo
2528 2968 2741 3049 magis

539 3057 918 3137 angebatur,
965 3068 1032 3123 et
1075 3080 1232 3124 cum
1274 3080 1359 3125 eo
1391 3062 1761 3145 Antigonus
1808 3064 2197 3133 Echecratis
2241 3066 2465 3145 lilius,t
2492 3086 2735 3133 nomen

535 3157 758 3239 patrui
790 3158 1109 3241 Antigoni
1142 3160 1373 3240 ferens,
1424 3164 1540 3246 qui
1570 3170 1742 3229 tutor
1780 3165 2085 3251 Philippi
2114 3168 2347 3247 suerat,
2378 3170 2607 3254 regiae⁹
2636 3170 2735 3235 vir

1437 3304 1807 3351 mum

597 3424 628 3467 5
674 3418 916 3481 Vanaque
950 3422 1184 3470 saltuosas
1223 3422 1490 3489 Kreyssig.
1557 3424 1663 3477 Alii
1702 3427 1834 3489 conj.
1867 3428 2097 3492 callesque
2124 3432 2293 3493 unus,
2321 3434 2400 3482 vel
2434 3436 2737 3503 difficilesque

532 3484 702 3539 saltus,
729 3484 807 3531 vel
830 3486 1065 3550 vallesque
1084 3491 1131 3535 et
1152 3488 1420 3537 nitu—6
1451 3492 1466 3517 ⁴
1493 3488 1655 3541 Gron.
1680 3491 1903 3540 malebat
1930 3494 2176 3555 Celeriter,
2197 3502 2255 3545 nt
2274 3512 2337 3545 ex
2355 3514 2406 3562 p.
2439 3500 2470 3549 1.
2510 3500 2577 3549 R.
2599 3515 2737 3549 vene·

533 3548 1045 3609 rune‚0upplicationen
1064 3555 1152 3599 cet.
1217 3551 1322 3599 Sed
1355 3554 1560 3613 gravius
1595 3557 1737 3605 ulcus
1771 3556 1921 3618 latet,
1953 3567 2009 3605 et
2041 3560 2260 3609 celeriter
2279 3562 2595 3625 superfluum
2620 3564 2741 3614 est-⁹

539 3610 776 3658 erm—⁷
815 3612 1014 3661 Consule
1036 3612 1197 3663 Grou·
1221 3616 1430 3677 Doujat.
1455 3618 1607 3667 (ξι-εν.

598 3676 630 3721 8
649 3674 972 3749 ‚enada-tis
991 3692 1106 3733 uo,
1123 3694 1229 3740 qu·
1251 3680 1524 3731 scandebat
1543 3683 1781 3733 uirum.-
1803 3688 1852 3734 et
1866 3686 2254 3751 olterfilius,85ae.
2276 3690 2397 3741 edd.
2422 3699 2543 3743 onte
2558 3692 2611 3741 Si
2647 3706 2736 3743 ou.

534 3736 690 3791 Mem
713 3738 930 3790 Gruter.
955 3740 1080 3795 illud
1101 3758 1206 3805 qm
1229 3747 1464 3796 converti
1487 3748 1540 3797 iu
1559 3749 1691 3811 quin.
1758 3749 1885 3801 Mox
1908 3765 2004 3815 pro
2025 3751 2163 3803 dubie
2185 3756 2327 3819 conj.
2351 3756 2515 3809 Drak.
2546 3758 2580 3807 d
2649 3759 2659 3769 ”

1521 3897 1571 3947 N
1579 3898 1744 3949 0¹1·AE

531 3984 821 4048 Διαπόνηοι,
848 3986 1024 4051 sicque
1050 3988 1323 4041 Turnebus
1352 4000 1408 4043 et
1429 3994 1591 4045 Lilius
1672 3994 1944 4059 Antigoni,
1979 3996 2065 4062 qni
2106 4004 2249 4047 tutor
2282 4000 2511 4065 Philippi
2540 4000 2739 4069 fuerat,

533 4058 732 4109 Gir-ald.
763 4064 1010 4113 sentiunt.
1672 4080 1823 4122 natus
1860 4081 1977 4124 erut
2021 4072 2293 4138 Alcyonen
2332 4078 2581 4143 Antigoni
2626 4080 2737 4133 Ge·

596 4136 616 4167 *
643 4136 914 4198 Antigonus
942 4138 1225 4190 Echecratis
1229 4142 1396 4209 fluns]
1428 4146 1594 4195 Ecbo-
1672 4158 1813 4201 nuto
1834 4150 1941 4203 filio
1971 4152 2151 4201 notho.

533 4216 708 4263 entes
749 4212 900 4277 hujus
933 4214 1184 4280 Antigoni
1223 4228 1391 4285 puter,
1427 4220 1595 4274 frater
1662 4238 1679 4245 ·
