3177 4950
658 395 835 464 3006
1597 407 1666 454 τ.
1713 405 1903 454 mvn

662 563 793 634 tur,
839 554 1301 620 Pantauchum
1342 551 1547 628 misit,
1576 569 1663 616 ex
1695 549 2040 614 fidissimis
2067 549 2332 625 amicis,
2361 547 2450 612 ad
2479 565 2568 612 ea
2597 548 2870 631 per-fich

666 657 861 722 enda.
950 653 1279 722 Medeoue
1298 663 1345 694 ¹¹
1379 651 1770 718 Labeatidis
1797 659 1988 716 tetrae
2003 657 2034 686 ¹¹
2064 648 2498 716 Pantauchus
2525 653 2673 732 regi
2703 649 2876 734 1115·

670 759 771 823 rio
798 759 1127 822 occurrit:
1156 758 1251 822 ibi
1279 761 1355 821 et
1367 755 1489 840 jus
1509 753 1864 840 jurandum
1893 752 1982 816 ab
2003 771 2156 834 rege
2179 758 2246 816 et
2271 752 2544 816 obsides
2567 753 2880 836 accepit.

672 861 934 926 Missus
964 867 1101 925 eta
1142 859 1393 924 Gentio
1442 865 1551 922 est
1593 858 1874 938 legatus,
1917 854 2178 918 nomine
2223 853 2560 938 Olympio,
2592 853 2721 937 qui
2755 856 2882 938 jus

660 961 1007 1048 jurandum
1060 982 1105 1024 a
1151 960 1403 1026 Perseo
1444 959 1852 1042 obsidesque
1895 957 2211 1038 exigeret.
2299 954 2470 1020 Cum
2501 957 2758 1020 eodem
2789 957 2886 1020 ad

674 1063 1029 1147 pecuniam
1060 1061 1527 1145 accipiendam
1556 1060 1749 1124 missi
1787 1065 1969 1136 suut,
2011 1063 2100 1134 et,
2129 1063 2408 1120 auctore
2437 1055 2888 1131 Pantaucho,

674 1165 789 1247 qui
824 1161 1135 1228 Rhodum
1184 1163 1387 1248 legati
1428 1181 1581 1226 cum
1631 1157 2126 1225 Macedonibus
2170 1157 2364 1233 irent,
2408 1156 2778 1221 Parmenio
2813 1165 2890 1220 et

680 1265 959 1334 Morcus
1004 1265 1443 1330 destinantur.
1531 1262 1802 1341 Quibus
1831 1260 1929 1325 ita
1959 1259 2368 1336 mundatum,
2407 1260 2527 1336 uti,
2561 1261 2724 1341 jure
2765 1260 2888 1342 ju-

676 1366 889 1434 rando
916 1366 1409 1451 obsidibusque
1438 1371 1511 1430 et
1540 1364 1838 1448 pecunia
1865 1370 2182 1447 accepta,
2219 1370 2362 1426 tum
2391 1361 2658 1425 demum
2691 1359 2894 1422 Rho·

682 1469 841 1534 dum
872 1467 1475 1550 proficiscerentur:
1524 1465 1876 1530 ‘Duorum
1913 1463 2114 1529 simul
2155 1482 2380 1544 regum
2421 1461 2686 1526 nomine
2709 1462 2896 1526 inci·

681 1573 805 1643 tari
866 1567 1174 1633 Rhodios
1234 1569 1323 1632 ad
1382 1567 1630 1632 bellum
1691 1566 2078 1631 Romanum
2129 1583 2362 1648 posse.
2458 1561 2896 1645 Adjnnctam

682 1671 1052 1746 civitatem,
1101 1687 1309 1752 penes
1356 1687 1557 1752 quam
1597 1685 1796 1733 unam
1837 1674 1977 1731 tum
2013 1666 2106 1730 rei
2135 1663 2642 1747 navalisgloria
2675 1673 2898 1742 essen

684 1789 808 1839 uec
830 1777 995 1836 terra
1016 1789 1139 1836 nec
1162 1771 1331 1834 mari
1354 1789 1543 1854 spem
1567 1769 1940 1834 relicturam
1971 1765 2346 1833 Romanis!
2431 1765 2898 1831 Venientibus

685 1871 933 1956 illyriis
995 1870 1311 1948 Perseus,
1362 1871 1451 1936 ab
1502 1869 1764 1954 Enipeo
1821 1869 2000 1934 amni
2055 1887 2146 1934 ex
2203 1871 2446 1934 castris
2495 1889 2652 1934 cum
2701 1870 2900 1933 omni

689 1975 993 2056 equitatu
1023 1972 1387 2057 profectus,
1416 1971 1505 2037 ad
1536 1972 1746 2036 Dium
1775 1973 2085 2038 occurrit.
2191 1970 2300 2036 Ibi
2321 1991 2422 2047 ea,
2451 1991 2613 2055 quoe
2635 1989 2902 2036 conve-

690 2080 1002 2144 nerunt,¹²
1052 2073 1457 2139 circumfuso
1502 2074 1764 2158 agmine
1806 2073 2108 2158 equitum
2149 2072 2380 2152 facta3
2423 2091 2603 2157 quos
2641 2072 2906 2138 adesse

690 2175 929 2240 foederi
960 2177 1235 2240 sancitae
1266 2195 1416 2240 cnm
1450 2175 1704 2241 Gentio
1737 2176 2088 2241 societatis
2115 2141 2564 2252 volebat-rex,
2587 2175 2906 2258 aliqnan-

692 2283 835 2340 tum
860 2295 1009 2340 eam
1052 2297 1187 2340 rem
1214 2283 1395 2342 ratus
1426 2277 1800 2343 animorum
1831 2276 1916 2342 iis
1945 2277 2384 2361 adjectum..
2493 2276 2586 2340 Et
2615 2277 2906 2341 obsides

696 2378 767 2445 in
798 2387 1161 2462 conspectu
1192 2379 1487 2452 omnium
1518 2379 1660 2444 dati
1691 2380 2134 2463 acceptique3
2179 2387 2270 2457 et,
2323 2379 2576 2444 Pellam
2617 2379 2709 2442 ad
2750 2379 2908 2442 the-

698 2500 935 2547 sauros
973 2483 1189 2563 regios
1234 2483 1483 2558 missia,
1528 2482 1649 2564 qui
1694 2483 2048 2566 pecuniam
2087 2482 2502 2566 acciperent,
2539 2482 2664 2565 qui
2709 2480 2908 2547 Rbo-

700 2583 857 2647 dum
879 2590 924 2631 ¹³
958 2583 1130 2647 irent
1156 2602 1307 2649 cum
1342 2578 1595 2667 Illyriis
1624 2584 1894 2667 legatis,
1924 2583 2430 2649 Thessalonicoe
2449 2583 2912 2648 conscendere

692 2682 893 2767 jussi.
984 2681 1092 2747 Ibi
1124 2682 1557 2749 Metrodorus
1593 2692 1759 2762 erat,
1801 2684 1918 2767 qui
1945 2702 2166 2767 nuper
2199 2687 2288 2749 ab
2329 2684 2574 2749 Rhodo
2603 2694 2910 2760 venerat,

706 2786 1227 2870 auctoribusque
1264 2784 1529 2851 Dinone
1582 2794 1652 2851 et
1697 2785 2093 2871 Polyarato,
2145 2788 2553 2870 principibus
2599 2788 2912 2851 civitatis

706 2887 879 2969 ejus,
908 2886 1301 2965 affirmabat,
1326 2886 1636 2952 Rhodios
1665 2892 1940 2972 paratos
1969 2888 2055 2951 ad
2079 2888 2330 2951 bellum
2349 2908 2523 2953 esse.
2615 2889 2692 2953 Is
2723 2890 2911 2972 prin-

710 3007 873 3069 ceps
893 2988 1153 3071 junctae
1186 3008 1333 3053 cum
1369 2989 1620 3074 Illyriis
1651 2990 2005 3073 legationis
2027 2997 2078 3037 ¹⁴
2105 2988 2308 3055 datus
2337 3000 2463 3055 est.

796 3089 906 3151 24.
950 3089 1199 3153 Eodem
1232 3098 1528 3173 tempore
1562 3093 1647 3155 ad
1679 3090 2042 3155 Eumenem
2075 3099 2144 3156 et
2175 3090 2258 3155 ad
2285 3090 2696 3156 Antiochum
2723 3113 2914 3157 com-

712 3190 944 3253 munia
994 3190 1391 3265 mandata,¹⁵
1441 3210 1592 3277 quae
1640 3193 1973 3277 subjicere
2014 3194 2314 3262 conditio
2363 3213 2574 3259 rerum
2626 3202 2918 3277 poterat.

716 3298 734 3325 ‘
767 3291 832 3357 N
838 3299 1029 3357 atura
1074 3290 1341 3359 inimica
1384 3294 1557 3359 iuter
1599 3315 1676 3360 se
1707 3315 1854 3361 esse
1882 3296 2160 3361 liberam
2193 3298 2531 3361 civitatem
2562 3306 2630 3362 et
2657 3317 2914 3381 regem.

1630 3456 1870 3478 Μθθθθθ

787 3559 843 3603 ll
884 3554 1103 3603 Medione
1124 3561 1181 3602 nt
1204 3568 1315 3619 sup.
1336 3554 1508 3619 Sigon.
1530 3557 2246 3622 praefert.—1s.c‹2nmmne
2273 3558 2437 3609 Grou.
2454 3559 2670 3623 Doujat.
2691 3562 2920 3614 Creve-

721 3622 781 3669 13
807 3616 1037 3678 Improb.
1064 3617 1283 3681 Rupert.
1306 3634 1420 3668 cum
1446 3622 1616 3672 Perit.
1635 3624 1758 3672 let-t.
1793 3622 2054 3673 Pallantea
2075 3624 2320 3673 thesauros
2340 3623 2496 3685 regios
2513 3624 2670 3687 nissi,
2686 3628 2772 3690 qni
2784 3644 2922 3691 pec·-

719 3683 850 3732 aiam
868 3682 1161 3743 aeciptrent:
1194 3684 1275 3745 qui
1302 3682 1516 3734 Rhodum
1536 3692 1761 3737 cet—14
1793 3688 2034 3737 Malebat
2055 3686 2210 3739 Crev.
2239 3688 2486 3751 legationi.

790 3752 849 3797 16
888 3744 1087 3795 Deesse
1111 3748 1322 3797 verbum
1344 3748 1462 3799 huic
1484 3752 1704 3803 orationi
1729 3758 1882 3815 putat
1915 3752 2134 3817 Rupert.
2199 3755 2216 3782 ‘
2241 3754 2322 3804 Ex
2344 3750 2447 3803 fine
2469 3767 2586 3817 cap.
2611 3766 2780 3818 prae.
2799 3771 2920 3821 snp-

1711 3882 1926 3933 NOTAE

788 3962 814 3989 ⁸
846 3955 1075 4007 Mede-ne
1106 3956 1383 4010 hbesfflie
1420 3961 1592 4024 tm]
1664 3962 1780 4015 Me·
1861 3972 1980 4013 curn
2015 3962 2305 4026 steph-nn·
2327 3962 2630 4013 Medionem
2670 3967 2908 4029 appellnt

726 4030 945 4080 deonem
1000 4032 1054 4080 in
1098 4031 1312 4083 Graecia
1367 4036 1573 4084 invenio
1615 4037 1782 4101 dupli·
1863 4040 2042 4088 Fuisse
2077 4038 2282 4089 videtur
2315 4040 2456 4088 eirca
2495 4039 2772 4089 Drilonem
2829 4040 2922 4091 flu-

727 4122 868 4163 eemz
906 4108 1123 4157 alterum
1170 4110 1453 4161 Phocicum
1496 4112 1596 4163 snb
1637 4112 1782 4162 Heli·
1865 4115 2024 4171 vium,
2069 4128 2172 4163 non
2215 4112 2404 4177 procul
2471 4112 2670 4162 Seardo
2725 4128 2922 4167 monte.

730 4196 891 4233 cenez
940 4186 1159 4233 alterum
1198 4186 1249 4233 iu
1284 4186 1487 4239 Boeotis
1530 4187 1598 4237 sd
1633 4188 1784 4239 meri·
1868 4186 2148 4239 Motwrlovs
2172 4186 2419 4253 Polybius
2441 4187 2640 4238 incolas
2657 4198 2831 4240 voest.

625 4276 636 4285 ·
728 4257 867 4309 diem
902 4260 1147 4325 Copaidis
1192 4262 1422 4325 paludis:
1458 4264 1596 4317 hune
1615 4264 1786 4329 lllyri-
