3177 4950
2387 450 2569 525 8807-

366 614 575 675 torem
594 606 873 694 'quidem
904 608 971 675 te
998 612 1428 695 acquiescere
1468 631 1720 696 passus
1761 608 1906 680 est:
1951 615 2180 680 statim
2213 616 2306 681 ad
2335 634 2564 700 perse-

364 712 663 793 quendos
690 712 921 779 hostes
948 710 1163 778 duxit.
1226 713 1399 779 Cum
1422 720 1487 779 te
1514 716 1748 798 praeda
1777 716 2120 800 partienda
2144 716 2560 801 locupletem

360 812 582 876 facere
622 818 876 895 posset,
918 814 1275 896 pecuniam
1320 816 1577 897 regiam
1621 817 2064 882 translaturus
2105 818 2174 882 in
2211 819 2572 903 triumpho·

362 918 483 989 est,
512 922 581 977 et
611 915 679 976 in
710 914 1019 979 serarium
1058 916 1355 983 laturus:
1448 918 1626 983 Haec
1657 919 1838 984 sicut
1863 917 1951 983 ad
1980 919 2264 984 militum
2294 923 2554 985 animos

1118 468 1267 517 ms.
1316 468 1501 517 κων.
1546 470 1714 520 car.
1757 454 1867 522 38.

358 1015 803 1081 stimulandos
832 1016 1130 1100 aliquem
1161 1018 1471 1081 aculeum
1639 1026 1776 1097 ent,
1817 1020 1938 1103 qui
1969 1038 2200 1102 parum
2231 1020 2558 1101 licentias,

356 1132 589 1198 parum
618 1117 925 1183 avaritias
954 1103 1100 1182 sum
1128 1117 1512 1183 inservitum
1540 1138 1579 1182 c
1623 1124 1846 1200 usent3
1895 1120 1990 1183 ita
2019 1118 2200 1202 apud
2228 1121 2555 1205 populum

356 1214 739 1282 Romanum
782 1217 948 1283 nihil
990 1218 1388 1298 valuissent,
1422 1220 1565 1303 qui,
1607 1227 1682 1284 nt
1723 1228 1954 1285 vetera
1997 1226 2202 1306 atque
2246 1220 2564 1289 auditaa·

352 1319 745 1402 parentibus
776 1320 923 1385 suis
964 1339 1099 1386 non
1144 1328 1423 1405 repetat,
1469 1340 1630 1407 quae
1672 1322 2036 1387 ambitione
2077 1323 2552 1405 imperatorum

350 1418 589 1483 clades
612 1426 911 1503 acceptae
941 1423 1097 1501 sint,
1127 1442 1285 1507 quae
1316 1423 1666 1497 severitate
1694 1424 1956 1507 imperii
1980 1422 2286 1490 victorias
2307 1432 2548 1506 partae,

350 1520 663 1604 proximo
694 1528 877 1586 certe
912 1521 1173 1589 Punico
1218 1525 1425 1603 bello,
1468 1526 1636 1609 quid
1673 1526 1847 1590 inter
1869 1524 1974 1594 M.
2005 1524 2381 1590 Minucium
2409 1544 2551 1589 ma-

348 1623 621 1705 gistrum
650 1626 949 1707 equitum
976 1632 1045 1691 et
1072 1624 1163 1705 Q.
1200 1624 1487 1691 Fabium
1520 1626 1900 1693 Maximum
1924 1626 2322 1691 dictatorem
2345 1627 2548 1690 inter·

346 1726 563 1807 fuerit,
606 1729 923 1793 meminit.
1010 1728 1256 1813 Itaque
1306 1736 1769 1819 accusatorem
1815 1730 1902 1793 id·
1927 1731 2098 1795 scire
2137 1731 2456 1814 potuisse,
2482 1737 2552 1798 et

348 1847 909 1911 supervacaneam
934 1830 1385 1897 defensionem
1413 1830 1641 1919 Paulli
1663 1831 1953 1895 fuisse.¹⁰
2036 1832 2444 1896 Transeatur
2459 1831 2550 1895 ad

345 1931 623 1995 alteram
670 1932 1105 1997 concionem:
1148 1951 1277 1997 uec
1322 1930 1624 2011 Quirites
1667 1950 1814 2010 vos,
1858 1932 1976 1995 sed
2023 1930 2272 1997 milites
2317 1932 2547 1997 videor

346 2032 832 2115 appellaturus,
886 2034 947 2099 si
1001 2052 1241 2099 nomen
1284 2032 1412 2097 boc
1464 2032 1708 2097 saltem
1755 2031 2064 2097 ruborem
2111 2033 2432 2110 incutere,
2477 2037 2546 2096 et

343 2134 817 2199 verecundiam
850 2135 1147 2218 aliquam
1175 2134 1604 2218 imperatoris
1635 2131 1932 2198 violandi
1953 2132 2189 2197 afferre
2214 2133 2455 2217 possit.

346 2220 355 2303 .’
424 2230 533 2297 38.
578 2231 757 2318 (39.)
799 2241 819 2272 ‘
842 2232 1173 2317 Equidem
1211 2233 1363 2316 ipse
1408 2233 1605 2299 aliter
1643 2232 1922 2299 affectus
1969 2235 2192 2299 animo
2218 2252 2392 2311 sum,
2422 2236 2548 2319 qui

340 2333 521 2419 apud
554 2337 929 2401 exercitum
958 2336 1121 2401 mihi
1150 2336 1339 2419 loqui
1367 2334 1626 2413 videar,
1673 2354 1872 2419 quam
1916 2336 2122 2419 paulo
2153 2343 2304 2401 ante
2333 2355 2540 2417 eram,

336 2454 493 2502 cum
520 2435 607 2503 ad
638 2437 901 2521 plebem
930 2439 1245 2504 urbanam
1278 2436 1631 2521 spectabat
1659 2437 1899 2501 oratio.
1991 2434 2178 2516 Quid
2208 2438 2410 2503 etiam
2437 2438 2539 2504 di-

338 2539 517 2616 citis,
558 2538 856 2604 milites‘l
884 2547 932 2577 ¹¹
958 2547 987 2575 '¹
1072 2539 1345 2623 Aliquis
1386 2545 1494 2603 est
1530 2535 1798 2615 Romae,
1829 2545 2073 2620 praeter
2107 2538 2386 2616 Persea,
2413 2540 2538 2621 qui

334 2640 725 2724 triumphari
757 2641 842 2704 de
874 2639 1365 2705 Macedonibus
1396 2639 1608 2704 nolit‘l
1637 2647 1710 2703 et
1735 2659 1888 2704 eum
1911 2659 2044 2704 non
2068 2639 2304 2704 iisdem
2323 2642 2536 2706 mani-

334 2741 465 2806 bus
496 2741 902 2824 discerpitis,
933 2743 1178 2824 quibns
1212 2739 1638 2806 Macedonas
1676 2740 1989 2805 vicistis?
2076 2737 2366 2806 Vincere
2412 2761 2535 2808 vos

331 2843 807 2928 prohibuisset,
851 2844 911 2907 si
960 2842 1320 2926 potuisset,
1374 2842 1495 2927 qui
1542 2841 2028 2924 triumphantes
2071 2841 2324 2906 Urbem
2369 2842 2535 2908 inire

330 2944 661 3026 prohibet.
749 2943 1027 3022 Erratis,
1074 2943 1343 3022 militeS,
1380 2944 1443 3008 si
1489 2943 1890 3028 triumphum
1934 2943 2351 3025 imperatoris
2387 2949 2530 3008 tan-

332 3051 495 3124 tum,
541 3055 609 3111 et
652 3065 781 3112 non
834 3047 1118 3112 militum
1160 3065 1432 3130 quoque
1478 3051 1544 3110 et
1586 3045 1882 3110 universi
1924 3045 2165 3129 populi
2211 3043 2529 3126 Romani,

332 3166 484 3214 esse
513 3150 725 3214 decus
752 3151 1063 3214 censetis.
1125 3147 1285 3214 Non
1306 3147 1503 3214 unius
1524 3147 1655 3213 boc
1675 3146 1980 3212 Paulli.¹²
1999 3155 2026 3183 ¹
2072 3147 2282 3212 Multi
2302 3147 2530 3226 etiam,

1244 3293 1615 3317 ‘omn-‘0000

328 3377 495 3428 Secu·
518 3373 740 3440 putabat
755 3375 995 3440 Donjat!
1015 3377 1219 3443 Rupere.
1257 3378 1380 3429 vid.
1404 3377 1534 3429 Not.
1556 3376 1745 3439 Delpb.
1762 3373 1988 3426 inst—lo
2010 3375 2162 3438 Conj.
2185 3374 2347 3426 Gron.
2369 3376 2528 3441 itaque

324 3445 375 3491 et
400 3445 643 3490 amantor
673 3441 727 3490 id
754 3456 795 3491 a.
823 3441 1068 3506 potuisset,
1103 3447 1151 3491 et
1181 3457 1521 3506 upercamen
1556 3441 1766 3500 defensio
1802 3440 1968 3489 Paulli
2003 3439 2199 3500 fuisse&
2263 3441 2526 3491 Neutrum

326 3506 451 3555 satis
475 3506 649 3568 placet
672 3505 827 3556 Crev.
852 3513 907 3556 et
926 3506 1095 3556 Drak-
1114 3511 1171 3556 et
1191 3507 1361 3555 locum
1383 3505 1549 3555 adhue
1569 3504 1870 3555 mendosum
1893 3517 2008 3555 esse
2030 3503 2289 3567 judicant.

392 3573 463 3650 11·
488 3571 613 3621 vid.
634 3571 763 3622 Not.
788 3571 980 3636 Delpb.
1001 3569 1229 3622 inst—12
1260 3570 1281 3599 ‘
1299 3571 1413 3621 Non
1434 3569 1577 3621 naias
1607 3571 1694 3619 hoc
1728 3569 1892 3620 Pauus·
1922 3567 2083 3618 decu·
2118 3575 2213 3618 est.
2274 3567 2343 3617 ld
2374 3567 2526 3620 nimie

1322 3683 1537 3736 NOTAE

389 3783 415 3808 “
450 3773 581 3829 Qffl
612 3773 755 3824 etim
775 3775 955 3837 dicitis,
974 3775 1173 3840 milites]
1205 3775 1381 3824 Mure-

324 3857 409 3902 tus
447 3849 665 3912 subjicit
698 3849 815 3912 qnid
845 3852 999 3900 aem'st:
1035 3850 1201 3901 Gron.
1236 3851 1383 3900 etim

324 3924 571 3978 transfert
608 3923 675 3973 ad
716 3927 999 3975 orationem
1040 3925 1381 3990 superiorem,

323 4001 627 4066 scribitque,
670 3999 883 4064 equidem
918 4001 1018 4064 ipse
1056 4001 1205 4052 etiam
1236 4000 1381 4052 aliter

320 4077 481 4128 anim
498 4076 702 4142 ψειεν
721 4091 843 4138 ema,
856 4091 963 4126 enm
978 4079 1105 4139 «pud
1122 4077 1381 4128 amum

318 4152 441 4204 stilti
458 4152 585 4216 loqui
604 4151 783 4207 videor,
799 4165 937 4216 mm
954 4152 1093 4214 panto
1107 4156 1219 4202 ante
1233 4168 1379 4210 erm,

318 4243 425 4280 eam
454 4229 521 4280 ad
548 4229 727 4292 plebem
748 4227 987 4292 spectabat
1003 4227 1180 4278 oracio.
1249 4224 1381 4284 Quia

318 4303 507 4366 dicitis,
521 4303 730 4354 militer?
796 4303 909 4368 Ego
932 4301 1045 4353 vitii
1068 4301 1194 4352 nibil
1218 4303 1269 4352 in
1298 4318 1377 4354 re·

1462 3779 1622 3838 cepta
1665 3771 1892 3824 lectione
1928 3771 2282 3834 deprehendo·
2365 3773 2520 3824 Post·

1462 3865 1616 3916 qnam
1657 3849 1794 3899 enim
1825 3849 2087 3901 Servilius
2128 3849 2228 3898 sibi
2267 3850 2404 3898 visua
2439 3858 2524 3901 est

1460 3927 1664 3990 plebem
1687 3925 1934 3977 urbanam
1959 3921 2025 3972 ad
2059 3937 2178 3971 suas
2213 3929 2390 3986 partes
2415 3931 2520 3974 tra·

1461 3999 1686 4057 duxisse,
1711 3999 1821 4062 jam
1867 3997 2061 4048 milites
2107 3997 2417 4062 interrogat,
2461 4007 2522 4051 ut

1460 4077 1640 4126 eliciat
1683 4075 1840 4124 etiam
1884 4073 1951 4124 ab
1987 4073 2087 4122 illis
2131 4087 2308 4137 parem
2347 4089 2520 4124 men-

1460 4167 1594 4202 sum.
1661 4149 1777 4202 Nini
1803 4149 1950 4200 malis
1980 4151 2098 4213 quid
2115 4147 2222 4210 jam
2242 4149 2409 4200 dicitis
2427 4153 2518 4202 ni-

1460 4231 1602 4280 lites?
2495 4275 2506 4286 ,

1522 4314 1549 4342 ⁸
1582 4305 1698 4357 Non
1719 4303 1861 4358 unius
1891 4303 1976 4353 hoe
1999 4299 2193 4364 Pantul
2219 4299 2386 4354 Miror
2417 4305 2515 4362 bun
