3177 4950
620 412 795 480 m)
1580 425 1653 473 Τ.
1703 426 1890 475 mvn

624 574 887 655 equites
916 572 987 635 in
1018 570 1261 636 castris
1296 568 1644 637 Romanis.
1687 566 1926 635 Aehoei
1947 568 2318 653 juventutis
2345 586 2514 646 sum,
2541 567 2806 633 Cretico

622 674 913 737 maxime
940 676 1213 749 armatu,
1242 672 1329 737 ad
1357 671 1539 735 mille
1566 670 1910 737 dederunt.

706 774 816 837 56.
860 773 1005 836 Sub
1030 772 1207 837 idem
1230 780 1489 854 tempus
1512 780 1583 837 et
1607 770 1686 837 C.
1709 770 2064 836 Lucretius
2085 777 2353 854 praetor,
2384 772 2500 854 qui
2523 772 2805 837 navibus

622 880 903 959 proeerat
950 873 1036 937 ad
1088 872 1608 955 Cephalleniam,
1652 870 1756 935 M.
1785 871 2100 937 Lucretio
2145 871 2344 937 fratre
2393 891 2544 935 cum
2586 873 2806 937 classe

620 994 831 1060 super
878 974 1175 1039 Maleam
1196 982 1226 1021 s
1278 973 1669 1039 Chalcidem
1715 974 1910 1057 Jusso
1969 981 2222 1056 petere,
2280 974 2424 1057 ipse
2479 974 2804 1037 triremem

618 1076 1023 1149 conscendit,
1052 1074 1275 1139 sinum
1306 1075 1718 1141 Corinthium
1743 1082 1978 1158 petens
2005 1073 2094 1139 ad
2127 1075 2703 1157 praeoccupandas
2731 1074 2802 1137 in

619 1177 893 1242 Boeotia
952 1196 1085 1241 res.
1186 1176 1471 1241 Tardior
1518 1176 1585 1241 ei
1633 1177 1974 1258 navigatio
2033 1182 2308 1259 propter
2357 1175 2796 1240 infirmitatem

618 1281 917 1363 corporis
946 1278 1091 1343 fuit.
1182 1276 1283 1341 Μ.
1308 1278 1682 1357 Lucretius,
1725 1278 2114 1344 Chalcidem
2163 1276 2549 1355 adveniens,
2577 1296 2726 1342 cum
2758 1295 2803 1341 a

616 1380 705 1445 P.
731 1381 1019 1448 Lentulo
1048 1378 1433 1445 Haliartum
1464 1380 1832 1463 oppugnari
1860 1381 2184 1455 audisset,
2211 1379 2536 1455 nuntium,
2557 1380 2802 1461 proeto-

618 1481 711 1545 ris
740 1482 975 1557 verbis,
1006 1480 1121 1563 qui
1150 1479 1507 1545 abscedere
1530 1499 1681 1545 eum
1709 1478 1864 1544 inde
1899 1480 2186 1564 juberet,
2231 1480 2436 1544 misit.
2521 1480 2800 1544 Boeoto-

616 1600 760 1646 rum
790 1581 1169 1664 juventute,
1216 1598 1368 1663 quae
1414 1598 1571 1664 pars
1617 1600 1770 1645 cum
1823 1580 2151 1645 Romanis
2197 1583 2450 1659 stabat,
2489 1600 2640 1648 eam
2665 1602 2802 1646 rem

618 1690 967 1765 aggressus
996 1682 1282 1763 legatus,
1314 1700 1357 1746 a
1382 1683 1724 1747 moenibus
1764 1683 2120 1748 abscessit.
2207 1682 2388 1748 Haec
2427 1684 2652 1749 soluta
2679 1685 2803 1748 ob-

614 1783 793 1849 sidio
825 1783 1041 1846 locum
1066 1780 1257 1847 alteri
1278 1788 1473 1847 norm
1496 1782 1835 1848 obsidioni
1859 1780 2064 1848 dedit.
2117 1782 2432 1867 Namque
2453 1784 2803 1865 extemplo

614 1884 717 1949 M.
746 1884 1097 1949 Lueretius
1126 1904 1279 1949 eum
1304 1886 1606 1949 'exercitu
1633 1884 1880 1962 navali,
1911 1884 2144 1949 decem
2183 1884 2486 1949 millibus
2509 1890 2802 1949 armato-

610 2004 779 2065 rum,
818 1984 901 2048 ad
933 1985 1063 2049 hoe
1108 1984 1377 2049 duobus
1418 1984 1716 2050 millibus
1757 1986 2107 2068 regiorum,
2137 1985 2260 2070 qni
2305 1987 2434 2050 sub
2475 1983 2804 2051 Athenaeo

612 2094 825 2161 erant,
858 2084 1241 2149 Haliartum
1278 2086 1746 2169 circumsedit3
1791 2088 2312 2171 parantibusque
2347 2088 2502 2172 jam
2541 2106 2802 2171 oppug-

612 2203 797 2262 nare,
826 2185 1203 2266 supervenit
1230 2203 1275 2248 a
1304 2186 1558 2250 Creusa
1580 2194 1608 2222 ⁸
1645 2194 1914 2269 praetor.
1997 2184 2114 2251 Ad
2155 2186 2331 2252 idem
2359 2188 2502 2252 fere
2533 2192 2800 2270 tempus

622 2295 695 2351 et
730 2305 773 2350 a
804 2287 849 2350 b
884 2285 1058 2350 ociis
1098 2304 1309 2351 naves
1350 2286 1736 2352 Chalcidem
1775 2295 2272 2352 convenerunt:
2323 2289 2482 2354 duae
2521 2289 2802 2355 Punicae

612 2388 1139 2473 quinqueremes,
1170 2386 1321 2453 duae
1352 2388 1439 2452 ab
1478 2386 1822 2454 Heraclea
1865 2407 1958 2453 ex
2003 2388 2222 2454 Ponto
2269 2388 2588 2468 triremes,
2631 2408 2806 2473 qua·

611 2497 760 2556 tuor
788 2490 1235 2567 Chalcedone,
1261 2489 1545 2554 totidem
1574 2489 1806 2567 Samo,
1835 2496 1974 2555 tum
2003 2492 2304 2574 quinque
2329 2491 2615 2557 Rhodie
2637 2511 2804 2576 qua·

612 2591 957 2656 driremes.
1042 2591 1322 2666 Proetor,
1354 2591 1515 2672 quia
1552 2609 1889 2674 nusquam
1923 2597 2070 2656 erat
2095 2592 2498 2656 maritimum
2529 2593 2800 2678 bellum,

550 2701 557 2711 ⁴
610 2692 870 2756 remisit
895 2691 1125 2754 sociis.
1128 2695 1199 2738 5·
1288 2689 1373 2756 Et
1410 2688 1503 2769 Q.
1528 2688 1832 2756 Marcius
1849 2692 2236 2758 Chalcidem
2267 2693 2560 2758 navibus
2587 2696 2802 2774 venit,

619 2790 881 2876 Alope
922 2793 1147 2874 capta,
1180 2791 1478 2868 Iani-issa,
1523 2811 1674 2875 quoe
1719 2791 2058 2858 Cremaste
2098 2793 2362 2872 dicitur,
2389 2801 2800 2878 oppugnata.

612 2893 785 2959 Cum
814 2893 918 2958 hic
948 2899 1169 2958 status
1190 2893 1257 2958 in
1286 2891 1557 2958 Boeotia
1572 2904 1778 2972 esset,
1802 2894 2120 2973 Perseus,
2143 2915 2300 2960 cum
2325 2895 2414 2962 ad
2445 2896 2798 2979 Sycurium

548 3001 555 3010 ’
609 2996 823 3080 (sicut
850 3000 1005 3058 ante
1036 2993 1288 3059 dietum
1330 2992 1469 3078 est)
1510 2995 1764 3060 stativa
1800 2995 2099 3075 haberet,
2127 2997 2488 3064 frumento·
2506 2997 2798 3080 undique

613 3097 795 3160 circa
814 3115 911 3158 ex
942 3095 1117 3175 agris
1146 3093 1616 3171 convectosad
1655 3095 2050 3162 vastandum
2091 3117 2324 3180 agrum
2364 3099 2794 3164 Pheraeorum

610 3196 839 3274 misit3
883 3194 1183 3258 ratusad
1199 3195 1535 3279 juvandas
1565 3185 1896 3262 sociorum
1927 3199 2122 3264 urbes
2149 3199 2412 3283 longius
2439 3203 2528 3265 ab
2551 3200 2796 3264 castris

550 3301 561 3320 “·
616 3294 997 3360 abstractos
1030 3292 1427 3378 deprehendi
1457 3296 1805 3362 Romanos
1836 3317 2057 3382 posse.
2147 3299 2344 3380 Quos
2387 3321 2538 3368 cum
2579 3320 2662 3365 eo
2691 3314 2796 3366 tu-

1516 3457 1730 3480 m
1731 3458 1880 3481 00000

675 3561 705 3604 5
741 3555 757 3583 ⁴
775 3555 985 3603 Remini}
1015 3554 1158 3605 sociis
1178 3568 1253 3606 sc.
1279 3569 1453 3616 naves,
1477 3557 1543 3609 ab
1574 3558 1637 3608 iis
1659 3555 1853 3612 missas.
1919 3563 2152 3629 Mirer-is,
2171 3563 2222 3614 id
2247 3579 2348 3616 non
2371 3563 2794 3614 animadvertisse

1591 3705 1640 3754 N
1648 3705 1804 3754 0⁶1·AE

608 3801 617 3806 ·
670 3801 695 3836 ι
728 3793 885 3854 snper
902 3793 1133 3859 Molem]
1150 3793 1397 3861 Intelllge
1420 3811 1659 3860 promon-
1740 3807 1883 3851 ratos
1903 3817 2061 3854 onere
2083 3803 2280 3854 ferendi
2305 3804 2430 3854 marl
2456 3805 2647 3854 auxilii.
2699 3805 2790 3856 Sic

607 3871 797 3922 torium
820 3870 1187 3936 Peloponnesi,
1208 3876 1345 3937 quod
1368 3888 1503 3924 nnnc
1529 3878 1659 3940 Cape
1737 3875 1865 3927 Tae.
1899 3891 1980 3928 ιν.
2028 3879 2214 3930 Annal.
2271 3886 2287 3909 ‘
2311 3879 2525 3929 remissa
2558 3881 2792 3932 ouilibus

604 3946 659 3996 di
679 3947 929 4008 Mmpan,
944 3946 1096 4010 longe
1118 3947 1183 3996 ab
1200 3948 1327 3998 urbe
1343 3949 1657 4015 Thessalica,
1739 3950 1858 4002 talis
1877 3953 2042 4002 eura!

606 4037 763 4087 aqua
731 4023 874 4072 anm
876 4021 941 4070 lia
1012 4021 1135 4071 uin
1140 4035 1219 4072 ιι.ι
1803 4025 2046 4092 '’Alope]
2111 4027 2392 4079 Locrorum
2441 4028 2787 4091 Opuntioru-

606 4122 615 4144 ι
670 4095 1479 4220 'Cmn]·0ppi1dumBoeotin,
1498 4099 1632 4150 Thes
1737 4102 1932 4166 oiuppd
1937 4117 2004 4160 m,
2049 4115 2150 4152 uon
2195 4104 2376 4168 procul
2433 4103 2683 4157 Cnemlde
2719 4105 2786 4156 ad

608 4171 693 4236 pia
722 4186 859 4220 timu
1013 4171 1237 4232 ,adcor
1238 4173 1658 4226 ἱιιιΙιιιιιιιίιιιιιιι.
1735 4175 2004 4242 Euripum

672 4172 1379 4311 tRemoemiieJVJltw
1320 4250 1463 4299 ιοίοο
1464 4249 1654 4300 sli-he
1733 4286 1740 4303 .
