<?xml version="1.0" encoding="UTF-8"?>
<!DOCTYPE html PUBLIC "-//W3C//DTD XHTML 1.0 Transitional//EN"
    "http://www.w3.org/TR/xhtml1/DTD/xhtml1-transitional.dtd">
<html xmlns="http://www.w3.org/1999/xhtml" xml:lang="en" lang="en">
 <head>
  <title>
</title>
<meta http-equiv="Content-Type" content="text/html;charset=utf-8" />
  <meta name='ocr-system' content='tesseract 3.04.00' />
  <meta name='ocr-capabilities' content='ocr_page ocr_carea ocr_par ocr_line ocrx_word'/>
</head>
<body>
  <div class='ocr_page' id='page_1' title='image "./tliviipatavinih10rupegoog_0353.png"; bbox 0 0 3177 4950; ppageno 0'>
   <div class='ocr_carea' id='block_1_1' title="bbox 1062 362 2540 478">
    <p class='ocr_par' dir='ltr' id='par_1_1' title="bbox 1062 362 2540 478">
     <span class='ocr_line' id='line_1_1' title="bbox 1062 362 2540 478; baseline 0.005 -9"><span class='ocrx_word' id='word_1_1' title='bbox 1062 422 1211 474; x_wconf 74' lang='lat' dir='ltr'><strong>mu.</strong></span> <span class='ocrx_word' id='word_1_2' title='bbox 1260 422 1477 472; x_wconf 65' lang='grc' dir='ltr'><strong>κων.</strong></span> <span class='ocrx_word' id='word_1_3' title='bbox 1521 362 1684 475; x_wconf 63' lang='lat' dir='ltr'><strong>cap,</strong></span> <span class='ocrx_word' id='word_1_4' title='bbox 1727 410 1836 476; x_wconf 80' lang='lat'><strong>36.</strong></span> <span class='ocrx_word' id='word_1_5' title='bbox 2364 409 2540 478; x_wconf 81' lang='lat'><strong>8719</strong></span> 
     </span>
    </p>
   </div>
   <div class='ocr_carea' id='block_1_2' title="bbox 316 565 2538 3297">
    <p class='ocr_par' dir='ltr' id='par_1_2' title="bbox 316 565 2538 3297">
     <span class='ocr_line' id='line_1_2' title="bbox 340 565 2538 650; baseline 0.002 -20"><span class='ocrx_word' id='word_1_6' title='bbox 340 585 533 632; x_wconf 84' lang='lat' dir='ltr'><strong>meus</strong></span> <span class='ocrx_word' id='word_1_7' title='bbox 566 574 715 634; x_wconf 84' lang='lat' dir='ltr'><strong>tota</strong></span> <span class='ocrx_word' id='word_1_8' title='bbox 733 573 790 605; x_wconf 80' lang='lat'><strong>²⁰</strong></span> <span class='ocrx_word' id='word_1_9' title='bbox 834 566 1047 644; x_wconf 88' lang='lat' dir='ltr'><strong>ducis,</strong></span> <span class='ocrx_word' id='word_1_10' title='bbox 1092 565 1509 650; x_wconf 82' lang='lat' dir='ltr'><strong>dimissoque</strong></span> <span class='ocrx_word' id='word_1_11' title='bbox 1538 567 1829 636; x_wconf 85' lang='lat' dir='ltr'><strong>consilio</strong></span> <span class='ocrx_word' id='word_1_12' title='bbox 1855 565 2254 634; x_wconf 73' lang='lat' dir='ltr'><strong>Perrhaebos</strong></span> <span class='ocrx_word' id='word_1_13' title='bbox 2283 583 2538 635; x_wconf 76' lang='lat' dir='ltr'><strong>merca-</strong></span> 
     </span>
     <span class='ocr_line' id='line_1_3' title="bbox 342 667 2534 753; baseline 0.002 -21"><span class='ocrx_word' id='word_1_14' title='bbox 342 677 545 746; x_wconf 87' lang='lat' dir='ltr'><strong>tores,</strong></span> <span class='ocrx_word' id='word_1_15' title='bbox 578 669 981 734; x_wconf 82' lang='lat' dir='ltr'><strong>Schoenum¹</strong></span> <span class='ocrx_word' id='word_1_16' title='bbox 1037 674 1107 733; x_wconf 87' lang='lat' dir='ltr'><strong>et</strong></span> <span class='ocrx_word' id='word_1_17' title='bbox 1150 667 1644 751; x_wconf 79' lang='lat' dir='ltr'><strong>Menophilum,</strong></span> <span class='ocrx_word' id='word_1_18' title='bbox 1687 677 1864 736; x_wconf 84' lang='lat' dir='ltr'><strong>notae</strong></span> <span class='ocrx_word' id='word_1_19' title='bbox 1907 679 1980 738; x_wconf 82' lang='lat' dir='ltr'><strong>et</strong></span> <span class='ocrx_word' id='word_1_20' title='bbox 2014 670 2176 744; x_wconf 85' lang='lat' dir='ltr'><strong>fidei</strong></span> <span class='ocrx_word' id='word_1_21' title='bbox 2209 671 2353 753; x_wconf 80' lang='lat' dir='ltr'><strong>jam</strong></span> <span class='ocrx_word' id='word_1_22' title='bbox 2401 673 2534 736; x_wconf 85' lang='lat' dir='ltr'><strong>sibi</strong></span> 
     </span>
     <span class='ocr_line' id='line_1_4' title="bbox 341 769 2534 856; baseline 0.001 -22"><span class='ocrx_word' id='word_1_23' title='bbox 341 776 411 834; x_wconf 87' lang='lat' dir='ltr'><strong>et</strong></span> <span class='ocrx_word' id='word_1_24' title='bbox 474 770 845 853; x_wconf 71' lang='lat' dir='ltr'><strong>prudentiae</strong></span> <span class='ocrx_word' id='word_1_25' title='bbox 902 769 1237 846; x_wconf 85' lang='lat' dir='ltr'><strong>homines,</strong></span> <span class='ocrx_word' id='word_1_26' title='bbox 1298 772 1661 836; x_wconf 74' lang='lat' dir='ltr'><strong>nscessitos</strong></span> <span class='ocrx_word' id='word_1_27' title='bbox 1718 777 1978 836; x_wconf 86' lang='lat' dir='ltr'><strong>secreto</strong></span> <span class='ocrx_word' id='word_1_28' title='bbox 2030 778 2534 856; x_wconf 69' lang='lat' dir='ltr'><strong>percunctatur,</strong></span> 
     </span>
     <span class='ocr_line' id='line_1_5' title="bbox 344 870 2534 958; baseline 0.003 -24"><span class='ocrx_word' id='word_1_29' title='bbox 344 871 567 953; x_wconf 86' lang='lat' dir='ltr'><strong>qualis</strong></span> <span class='ocrx_word' id='word_1_30' title='bbox 596 871 683 936; x_wconf 85' lang='lat' dir='ltr'><strong>ad</strong></span> <span class='ocrx_word' id='word_1_31' title='bbox 698 870 1165 936; x_wconf 80' lang='lat' dir='ltr'><strong>Perrhbiam</strong></span> <span class='ocrx_word' id='word_1_32' title='bbox 1194 872 1515 946; x_wconf 72' lang='lat' dir='ltr'><strong>transitus</strong></span> <span class='ocrx_word' id='word_1_33' title='bbox 1541 874 1654 938; x_wconf 87' lang='lat' dir='ltr'><strong>sit.</strong></span> <span class='ocrx_word' id='word_1_34' title='bbox 1761 873 1932 938; x_wconf 88' lang='lat' dir='ltr'><strong>Cum</strong></span> <span class='ocrx_word' id='word_1_35' title='bbox 1961 872 2118 937; x_wconf 87' lang='lat' dir='ltr'><strong>loca</strong></span> <span class='ocrx_word' id='word_1_36' title='bbox 2145 893 2278 937; x_wconf 91' lang='lat' dir='ltr'><strong>uon</strong></span> <span class='ocrx_word' id='word_1_37' title='bbox 2306 875 2534 958; x_wconf 85' lang='lat' dir='ltr'><strong>iniqua</strong></span> 
     </span>
     <span class='ocr_line' id='line_1_6' title="bbox 338 973 2532 1058; baseline 0.002 -22"><span class='ocrx_word' id='word_1_38' title='bbox 338 991 493 1036; x_wconf 85' lang='lat' dir='ltr'><strong>esse</strong></span> <span class='ocrx_word' id='word_1_39' title='bbox 523 973 837 1045; x_wconf 84' lang='lat' dir='ltr'><strong>dicerent,</strong></span> <span class='ocrx_word' id='word_1_40' title='bbox 866 973 1201 1056; x_wconf 77' lang='lat' dir='ltr'><strong>praesidiis</strong></span> <span class='ocrx_word' id='word_1_41' title='bbox 1232 981 1455 1039; x_wconf 85' lang='lat' dir='ltr'><strong>autem</strong></span> <span class='ocrx_word' id='word_1_42' title='bbox 1486 975 1704 1056; x_wconf 81' lang='lat' dir='ltr'><strong>regis²</strong></span> <span class='ocrx_word' id='word_1_43' title='bbox 1743 974 2068 1052; x_wconf 78' lang='lat' dir='ltr'><strong>obsideri,</strong></span> <span class='ocrx_word' id='word_1_44' title='bbox 2099 992 2292 1057; x_wconf 86' lang='lat' dir='ltr'><strong>spem</strong></span> <span class='ocrx_word' id='word_1_45' title='bbox 2325 978 2532 1058; x_wconf 83' lang='lat' dir='ltr'><strong>cepit,</strong></span> 
     </span>
     <span class='ocr_line' id='line_1_7' title="bbox 339 1073 2532 1159; baseline 0.003 -23"><span class='ocrx_word' id='word_1_46' title='bbox 339 1073 397 1144; x_wconf 82' lang='lat' dir='ltr'><strong>si</strong></span> <span class='ocrx_word' id='word_1_47' title='bbox 446 1081 643 1140; x_wconf 90' lang='lat' dir='ltr'><strong>nocte</strong></span> <span class='ocrx_word' id='word_1_48' title='bbox 694 1075 1059 1156; x_wconf 83' lang='lat' dir='ltr'><strong>improviso</strong></span> <span class='ocrx_word' id='word_1_49' title='bbox 1104 1075 1331 1140; x_wconf 83' lang='lat' dir='ltr'><strong>valida</strong></span> <span class='ocrx_word' id='word_1_50' title='bbox 1377 1093 1579 1138; x_wconf 88' lang='lat' dir='ltr'><strong>manu</strong></span> <span class='ocrx_word' id='word_1_51' title='bbox 1634 1095 1992 1156; x_wconf 68' lang='lat' dir='ltr'><strong>aggressus</strong></span> <span class='ocrx_word' id='word_1_52' title='bbox 2041 1075 2532 1159; x_wconf 77' lang='lat' dir='ltr'><strong>necopinantes</strong></span> 
     </span>
     <span class='ocr_line' id='line_1_8' title="bbox 339 1174 2536 1259; baseline 0.002 -22"><span class='ocrx_word' id='word_1_53' title='bbox 339 1180 540 1254; x_wconf 77' lang='lat' dir='ltr'><strong>esset,</strong></span> <span class='ocrx_word' id='word_1_54' title='bbox 568 1174 763 1258; x_wconf 81' lang='lat' dir='ltr'><strong>dejici</strong></span> <span class='ocrx_word' id='word_1_55' title='bbox 809 1174 1131 1256; x_wconf 58' lang='lat' dir='ltr'><strong>praesidia</strong></span> <span class='ocrx_word' id='word_1_56' title='bbox 1168 1194 1397 1258; x_wconf 87' lang='lat' dir='ltr'><strong>posse.</strong></span> <span class='ocrx_word' id='word_1_57' title='bbox 1486 1180 1505 1209; x_wconf 87' lang='lat'><strong>‘</strong></span> <span class='ocrx_word' id='word_1_58' title='bbox 1534 1174 1784 1242; x_wconf 85' lang='lat' dir='ltr'><strong>Jacula</strong></span> <span class='ocrx_word' id='word_1_59' title='bbox 1825 1177 2002 1243; x_wconf 86' lang='lat' dir='ltr'><strong>enim</strong></span> <span class='ocrx_word' id='word_1_60' title='bbox 2041 1179 2437 1259; x_wconf 60' lang='lat' dir='ltr'><strong>et‘sagittas</strong></span> <span class='ocrx_word' id='word_1_61' title='bbox 2462 1187 2536 1242; x_wconf 87' lang='lat' dir='ltr'><strong>et</strong></span> 
     </span>
     <span class='ocr_line' id='line_1_9' title="bbox 338 1276 2534 1361; baseline 0.001 -20"><span class='ocrx_word' id='word_1_62' title='bbox 338 1283 561 1341; x_wconf 82' lang='lat' dir='ltr'><strong>cetera</strong></span> <span class='ocrx_word' id='word_1_63' title='bbox 588 1277 876 1341; x_wconf 78' lang='lat' dir='ltr'><strong>missilia</strong></span> <span class='ocrx_word' id='word_1_64' title='bbox 900 1276 969 1341; x_wconf 91' lang='lat' dir='ltr'><strong>in</strong></span> <span class='ocrx_word' id='word_1_65' title='bbox 1003 1277 1315 1355; x_wconf 82' lang='lat' dir='ltr'><strong>tenebris,</strong></span> <span class='ocrx_word' id='word_1_66' title='bbox 1344 1277 1483 1354; x_wconf 90' lang='lat' dir='ltr'><strong>ubi,</strong></span> <span class='ocrx_word' id='word_1_67' title='bbox 1522 1277 1687 1360; x_wconf 87' lang='lat' dir='ltr'><strong>quid</strong></span> <span class='ocrx_word' id='word_1_68' title='bbox 1725 1285 2012 1361; x_wconf 85' lang='lat' dir='ltr'><strong>petatur,</strong></span> <span class='ocrx_word' id='word_1_69' title='bbox 2047 1279 2282 1360; x_wconf 87' lang='lat' dir='ltr'><strong>procul</strong></span> <span class='ocrx_word' id='word_1_70' title='bbox 2307 1285 2328 1325; x_wconf 80' lang='lat'><em>³</em></span> <span class='ocrx_word' id='word_1_71' title='bbox 2375 1299 2534 1361; x_wconf 78' lang='lat' dir='ltr'><strong>pro·</strong></span> 
     </span>
     <span class='ocr_line' id='line_1_10' title="bbox 336 1376 2532 1460; baseline 0.003 -19"><span class='ocrx_word' id='word_1_72' title='bbox 336 1376 546 1453; x_wconf 63' lang='lat' dir='ltr'><strong>‚videri</strong></span> <span class='ocrx_word' id='word_1_73' title='bbox 602 1385 911 1460; x_wconf 80' lang='lat' dir='ltr'><strong>nequeat,</strong></span> <span class='ocrx_word' id='word_1_74' title='bbox 980 1377 1241 1442; x_wconf 82' lang='lat' dir='ltr'><strong>inutilia</strong></span> <span class='ocrx_word' id='word_1_75' title='bbox 1298 1397 1473 1444; x_wconf 84' lang='lat' dir='ltr'><strong>esse.</strong></span> <span class='ocrx_word' id='word_1_76' title='bbox 1559 1377 1814 1442; x_wconf 81' lang='lat' dir='ltr'><strong>Gladio</strong></span> <span class='ocrx_word' id='word_1_77' title='bbox 1856 1379 2162 1442; x_wconf 88' lang='lat' dir='ltr'><strong>cominus</strong></span> <span class='ocrx_word' id='word_1_78' title='bbox 2205 1379 2346 1459; x_wconf 83' lang='lat' dir='ltr'><strong>geri</strong></span> <span class='ocrx_word' id='word_1_79' title='bbox 2393 1399 2532 1448; x_wconf 78' lang='lat' dir='ltr'><strong>rem</strong></span> 
     </span>
     <span class='ocr_line' id='line_1_11' title="bbox 332 1475 2528 1560; baseline 0.001 -18"><span class='ocrx_word' id='word_1_80' title='bbox 332 1479 403 1542; x_wconf 87' lang='lat' dir='ltr'><strong>in</strong></span> <span class='ocrx_word' id='word_1_81' title='bbox 434 1479 767 1560; x_wconf 82' lang='lat' dir='ltr'><strong>permixta</strong></span> <span class='ocrx_word' id='word_1_82' title='bbox 796 1478 1013 1554; x_wconf 85' lang='lat' dir='ltr'><strong>turba,</strong></span> <span class='ocrx_word' id='word_1_83' title='bbox 1050 1496 1185 1559; x_wconf 91' lang='lat' dir='ltr'><strong>quo</strong></span> <span class='ocrx_word' id='word_1_84' title='bbox 1214 1476 1408 1540; x_wconf 85' lang='lat' dir='ltr'><strong>miles</strong></span> <span class='ocrx_word' id='word_1_85' title='bbox 1439 1475 1791 1541; x_wconf 85' lang='lat' dir='ltr'><strong>Romanus</strong></span> <span class='ocrx_word' id='word_1_86' title='bbox 1836 1475 2141 1540; x_wconf 74' lang='lat' dir='ltr'><strong>vincat.’‘</strong></span> <span class='ocrx_word' id='word_1_87' title='bbox 2227 1477 2367 1544; x_wconf 89' lang='lat' dir='ltr'><strong>His</strong></span> <span class='ocrx_word' id='word_1_88' title='bbox 2410 1478 2528 1544; x_wconf 86' lang='lat' dir='ltr'><strong>du-</strong></span> 
     </span>
     <span class='ocr_line' id='line_1_12' title="bbox 335 1577 2532 1662; baseline 0.001 -20"><span class='ocrx_word' id='word_1_89' title='bbox 335 1579 534 1654; x_wconf 82' lang='lat' dir='ltr'><strong>cibus</strong></span> <span class='ocrx_word' id='word_1_90' title='bbox 587 1597 853 1656; x_wconf 86' lang='lat' dir='ltr'><strong>usurus,</strong></span> <span class='ocrx_word' id='word_1_91' title='bbox 900 1585 1260 1660; x_wconf 65' lang='lat' dir='ltr'><strong>praetorem</strong></span> <span class='ocrx_word' id='word_1_92' title='bbox 1314 1577 1671 1643; x_wconf 85' lang='lat' dir='ltr'><strong>Octavium</strong></span> <span class='ocrx_word' id='word_1_93' title='bbox 1715 1579 2140 1655; x_wconf 82' lang='lat' dir='ltr'><strong>arcessitum,</strong></span> <span class='ocrx_word' id='word_1_94' title='bbox 2191 1580 2532 1662; x_wconf 80' lang='lat' dir='ltr'><strong>exposito,</strong></span> 
     </span>
     <span class='ocr_line' id='line_1_13' title="bbox 335 1678 2530 1765; baseline 0 -19"><span class='ocrx_word' id='word_1_95' title='bbox 335 1682 493 1765; x_wconf 88' lang='lat' dir='ltr'><strong>quid</strong></span> <span class='ocrx_word' id='word_1_96' title='bbox 524 1687 798 1765; x_wconf 82' lang='lat' dir='ltr'><strong>pararet,</strong></span> <span class='ocrx_word' id='word_1_97' title='bbox 831 1679 1249 1745; x_wconf 81' lang='lat' dir='ltr'><strong>Heracleum</strong></span> <span class='ocrx_word' id='word_1_98' title='bbox 1278 1700 1429 1746; x_wconf 87' lang='lat' dir='ltr'><strong>cum</strong></span> <span class='ocrx_word' id='word_1_99' title='bbox 1458 1678 1685 1750; x_wconf 83' lang='lat' dir='ltr'><strong>classe</strong></span> <span class='ocrx_word' id='word_1_100' title='bbox 1723 1688 1955 1764; x_wconf 81' lang='lat' dir='ltr'><strong>petere</strong></span> <span class='ocrx_word' id='word_1_101' title='bbox 1990 1679 2205 1764; x_wconf 86' lang='lat' dir='ltr'><strong>jubet,</strong></span> <span class='ocrx_word' id='word_1_102' title='bbox 2251 1692 2322 1750; x_wconf 84' lang='lat' dir='ltr'><strong>ct</strong></span> <span class='ocrx_word' id='word_1_103' title='bbox 2347 1684 2530 1747; x_wconf 86' lang='lat' dir='ltr'><strong>mille</strong></span> 
     </span>
     <span class='ocr_line' id='line_1_14' title="bbox 335 1780 2530 1866; baseline -0.001 -17"><span class='ocrx_word' id='word_1_104' title='bbox 335 1782 721 1849; x_wconf 89' lang='lat' dir='ltr'><strong>hominibus</strong></span> <span class='ocrx_word' id='word_1_105' title='bbox 764 1781 999 1848; x_wconf 85' lang='lat' dir='ltr'><strong>decem</strong></span> <span class='ocrx_word' id='word_1_106' title='bbox 1048 1780 1301 1848; x_wconf 80' lang='lat' dir='ltr'><strong>dierum</strong></span> <span class='ocrx_word' id='word_1_107' title='bbox 1348 1787 1549 1854; x_wconf 83' lang='lat' dir='ltr'><strong>cocta</strong></span> <span class='ocrx_word' id='word_1_108' title='bbox 1595 1781 1850 1846; x_wconf 84' lang='lat' dir='ltr'><strong>cibaria</strong></span> <span class='ocrx_word' id='word_1_109' title='bbox 1890 1781 2150 1846; x_wconf 83' lang='lat' dir='ltr'><strong>habere.</strong></span> <span class='ocrx_word' id='word_1_110' title='bbox 2241 1782 2404 1866; x_wconf 87' lang='lat' dir='ltr'><strong>Ipse</strong></span> <span class='ocrx_word' id='word_1_111' title='bbox 2445 1783 2530 1848; x_wconf 91' lang='grc' dir='ltr'><strong>Ρ.·</strong></span> 
     </span>
     <span class='ocr_line' id='line_1_15' title="bbox 336 1881 2528 1967; baseline 0 -19"><span class='ocrx_word' id='word_1_112' title='bbox 336 1884 715 1967; x_wconf 83' lang='lat' dir='ltr'><strong>Scipionem</strong></span> <span class='ocrx_word' id='word_1_113' title='bbox 746 1883 1103 1960; x_wconf 79' lang='lat' dir='ltr'><strong>Nasicam,</strong></span> <span class='ocrx_word' id='word_1_114' title='bbox 1148 1881 1241 1961; x_wconf 84' lang='lat' dir='ltr'><strong>Q.</strong></span> <span class='ocrx_word' id='word_1_115' title='bbox 1286 1881 2039 1956; x_wconf 74' lang='lat' dir='ltr'><strong>FabiumMaximumP</strong></span> <span class='ocrx_word' id='word_1_116' title='bbox 2093 1881 2302 1947; x_wconf 84' lang='lat' dir='ltr'><strong>filium</strong></span> <span class='ocrx_word' id='word_1_117' title='bbox 2333 1903 2528 1950; x_wconf 88' lang='lat' dir='ltr'><strong>suum</strong></span> 
     </span>
     <span class='ocr_line' id='line_1_16' title="bbox 336 1977 2530 2067; baseline 0.003 -19"><span class='ocrx_word' id='word_1_118' title='bbox 336 2003 487 2048; x_wconf 87' lang='lat' dir='ltr'><strong>cum</strong></span> <span class='ocrx_word' id='word_1_119' title='bbox 542 1984 835 2067; x_wconf 81' lang='lat' dir='ltr'><strong>quinque</strong></span> <span class='ocrx_word' id='word_1_120' title='bbox 890 1983 1214 2048; x_wconf 69' lang='lat' dir='ltr'><strong>delectis*</strong></span> <span class='ocrx_word' id='word_1_121' title='bbox 1256 1977 1559 2048; x_wconf 81' lang='lat' dir='ltr'><strong>millibu‘s</strong></span> <span class='ocrx_word' id='word_1_122' title='bbox 1605 1981 2015 2056; x_wconf 83' lang='lat' dir='ltr'><strong>Heracleum</strong></span> <span class='ocrx_word' id='word_1_123' title='bbox 2065 1983 2290 2058; x_wconf 81' lang='lat' dir='ltr'><strong>mittit,</strong></span> <span class='ocrx_word' id='word_1_124' title='bbox 2342 1985 2530 2054; x_wconf 78' lang='lat' dir='ltr'><strong>velut</strong></span> 
     </span>
     <span class='ocr_line' id='line_1_17' title="bbox 335 2083 2528 2162; baseline 0 -12"><span class='ocrx_word' id='word_1_125' title='bbox 335 2086 625 2150; x_wconf 80' lang='lat' dir='ltr'><strong>classem</strong></span> <span class='ocrx_word' id='word_1_126' title='bbox 671 2102 1156 2160; x_wconf 72' lang='lat' dir='ltr'><strong>conscensuros</strong></span> <span class='ocrx_word' id='word_1_127' title='bbox 1199 2083 1285 2148; x_wconf 86' lang='lat' dir='ltr'><strong>ad</strong></span> <span class='ocrx_word' id='word_1_128' title='bbox 1330 2084 1734 2149; x_wconf 85' lang='lat' dir='ltr'><strong>maritimam</strong></span> <span class='ocrx_word' id='word_1_129' title='bbox 1777 2102 1964 2148; x_wconf 84' lang='lat' dir='ltr'><strong>oram</strong></span> <span class='ocrx_word' id='word_1_130' title='bbox 1993 2083 2342 2158; x_wconf 75' lang='lat' dir='ltr'><strong>interioris</strong></span> <span class='ocrx_word' id='word_1_131' title='bbox 2371 2085 2528 2162; x_wconf 66' lang='lat' dir='ltr'><strong>Ma-</strong></span> 
     </span>
     <span class='ocr_line' id='line_1_18' title="bbox 335 2184 2526 2270; baseline 0.001 -19"><span class='ocrx_word' id='word_1_132' title='bbox 335 2187 661 2263; x_wconf 78' lang='lat' dir='ltr'><strong>cedoniae,</strong></span> <span class='ocrx_word' id='word_1_133' title='bbox 690 2185 875 2270; x_wconf 87' lang='lat' dir='ltr'><strong>quod</strong></span> <span class='ocrx_word' id='word_1_134' title='bbox 906 2185 971 2250; x_wconf 90' lang='lat' dir='ltr'><strong>in</strong></span> <span class='ocrx_word' id='word_1_135' title='bbox 1002 2184 1285 2250; x_wconf 87' lang='lat' dir='ltr'><strong>consilio</strong></span> <span class='ocrx_word' id='word_1_136' title='bbox 1314 2184 1644 2268; x_wconf 81' lang='lat' dir='ltr'><strong>agitatum</strong></span> <span class='ocrx_word' id='word_1_137' title='bbox 1686 2190 1848 2261; x_wconf 85' lang='lat' dir='ltr'><strong>erat,</strong></span> <span class='ocrx_word' id='word_1_138' title='bbox 1897 2185 2313 2250; x_wconf 81' lang='lat' dir='ltr'><strong>vastandam.</strong></span> <span class='ocrx_word' id='word_1_139' title='bbox 2400 2189 2526 2253; x_wconf 87' lang='lat' dir='ltr'><strong>Se-</strong></span> 
     </span>
     <span class='ocr_line' id='line_1_19' title="bbox 334 2284 2525 2370; baseline 0.001 -18"><span class='ocrx_word' id='word_1_140' title='bbox 334 2295 515 2354; x_wconf 78' lang='lat' dir='ltr'><strong>creto</strong></span> <span class='ocrx_word' id='word_1_141' title='bbox 542 2286 927 2364; x_wconf 76' lang='lat' dir='ltr'><strong>indicatum,</strong></span> <span class='ocrx_word' id='word_1_142' title='bbox 968 2287 1223 2351; x_wconf 82' lang='lat' dir='ltr'><strong>cibaria</strong></span> <span class='ocrx_word' id='word_1_143' title='bbox 1256 2284 1361 2356; x_wconf 66' lang='lat' dir='ltr'><strong>his</strong></span> <span class='ocrx_word' id='word_1_144' title='bbox 1390 2292 1772 2370; x_wconf 76' lang='lat' dir='ltr'><strong>Praeparata</strong></span> <span class='ocrx_word' id='word_1_145' title='bbox 1799 2286 1886 2350; x_wconf 86' lang='lat' dir='ltr'><strong>ad</strong></span> <span class='ocrx_word' id='word_1_146' title='bbox 1917 2287 2204 2353; x_wconf 81' lang='lat' dir='ltr'><strong>classem</strong></span> <span class='ocrx_word' id='word_1_147' title='bbox 2235 2307 2414 2364; x_wconf 84' lang='lat' dir='ltr'><strong>esse,</strong></span> <span class='ocrx_word' id='word_1_148' title='bbox 2441 2309 2525 2354; x_wconf 87' lang='lat' dir='ltr'><strong>ne</strong></span> 
     </span>
     <span class='ocr_line' id='line_1_20' title="bbox 316 2385 2526 2473; baseline -0 -18"><span class='ocrx_word' id='word_1_149' title='bbox 316 2389 495 2473; x_wconf 73' lang='lat' dir='ltr'><strong>quid</strong></span> <span class='ocrx_word' id='word_1_150' title='bbox 524 2409 648 2454; x_wconf 85' lang='lat' dir='ltr'><strong>eos</strong></span> <span class='ocrx_word' id='word_1_151' title='bbox 678 2394 1067 2454; x_wconf 76' lang='lat' dir='ltr'><strong>moraretur.</strong></span> <span class='ocrx_word' id='word_1_152' title='bbox 1156 2388 1325 2452; x_wconf 86' lang='lat' dir='ltr'><strong>Inde</strong></span> <span class='ocrx_word' id='word_1_153' title='bbox 1360 2387 1543 2470; x_wconf 89' lang='lat' dir='ltr'><strong>jussi</strong></span> <span class='ocrx_word' id='word_1_154' title='bbox 1582 2387 1792 2452; x_wconf 88' lang='lat' dir='ltr'><strong>duces</strong></span> <span class='ocrx_word' id='word_1_155' title='bbox 1823 2387 2076 2452; x_wconf 85' lang='lat' dir='ltr'><strong>itineris</strong></span> <span class='ocrx_word' id='word_1_156' title='bbox 2103 2385 2200 2452; x_wconf 83' lang='lat' dir='ltr'><strong>ita</strong></span> <span class='ocrx_word' id='word_1_157' title='bbox 2227 2388 2526 2454; x_wconf 85' lang='lat' dir='ltr'><strong>dividere</strong></span> 
     </span>
     <span class='ocr_line' id='line_1_21' title="bbox 331 2488 2519 2574; baseline -0.003 -15"><span class='ocrx_word' id='word_1_158' title='bbox 331 2494 538 2570; x_wconf 79' lang='lat' dir='ltr'><strong>viam,</strong></span> <span class='ocrx_word' id='word_1_159' title='bbox 584 2498 655 2555; x_wconf 89' lang='lat' dir='ltr'><strong>ut</strong></span> <span class='ocrx_word' id='word_1_160' title='bbox 700 2497 937 2574; x_wconf 83' lang='lat' dir='ltr'><strong>quarta</strong></span> <span class='ocrx_word' id='word_1_161' title='bbox 966 2490 1201 2573; x_wconf 83' lang='lat' dir='ltr'><strong>vigilia</strong></span> <span class='ocrx_word' id='word_1_162' title='bbox 1229 2490 1431 2554; x_wconf 83' lang='lat' dir='ltr'><strong>tertio</strong></span> <span class='ocrx_word' id='word_1_163' title='bbox 1460 2490 1569 2555; x_wconf 87' lang='lat' dir='ltr'><strong>die</strong></span> <span class='ocrx_word' id='word_1_164' title='bbox 1601 2488 1918 2572; x_wconf 80' lang='lat' dir='ltr'><strong>Pythium</strong></span> <span class='ocrx_word' id='word_1_165' title='bbox 1950 2488 2196 2552; x_wconf 82' lang='lat' dir='ltr'><strong>adoriri</strong></span> <span class='ocrx_word' id='word_1_166' title='bbox 2226 2499 2519 2573; x_wconf 88' lang='lat' dir='ltr'><strong>possent.</strong></span> 
     </span>
     <span class='ocr_line' id='line_1_22' title="bbox 332 2590 2522 2677; baseline -0.001 -17"><span class='ocrx_word' id='word_1_167' title='bbox 332 2596 497 2677; x_wconf 84' lang='lat' dir='ltr'><strong>Ipse</strong></span> <span class='ocrx_word' id='word_1_168' title='bbox 522 2600 787 2676; x_wconf 81' lang='lat' dir='ltr'><strong>postero</strong></span> <span class='ocrx_word' id='word_1_169' title='bbox 815 2592 945 2670; x_wconf 87' lang='lat' dir='ltr'><strong>die,</strong></span> <span class='ocrx_word' id='word_1_170' title='bbox 972 2600 1051 2657; x_wconf 90' lang='lat' dir='ltr'><strong>ut</strong></span> <span class='ocrx_word' id='word_1_171' title='bbox 1078 2590 1425 2655; x_wconf 81' lang='lat' dir='ltr'><strong>distineret</strong></span> <span class='ocrx_word' id='word_1_172' title='bbox 1446 2610 1668 2672; x_wconf 81' lang='lat' dir='ltr'><strong>regem</strong></span> <span class='ocrx_word' id='word_1_173' title='bbox 1688 2590 1776 2655; x_wconf 91' lang='lat' dir='ltr'><strong>ab</strong></span> <span class='ocrx_word' id='word_1_174' title='bbox 1799 2590 2294 2672; x_wconf 83' lang='lat' dir='ltr'><strong>circumspectu</strong></span> <span class='ocrx_word' id='word_1_175' title='bbox 2311 2610 2522 2657; x_wconf 85' lang='lat' dir='ltr'><strong>rerum</strong></span> 
     </span>
     <span class='ocr_line' id='line_1_23' title="bbox 330 2690 2521 2775; baseline -0.001 -16"><span class='ocrx_word' id='word_1_176' title='bbox 330 2694 632 2771; x_wconf 80' lang='lat' dir='ltr'><strong>aliarum,</strong></span> <span class='ocrx_word' id='word_1_177' title='bbox 662 2694 879 2775; x_wconf 85' lang='lat' dir='ltr'><strong>prima</strong></span> <span class='ocrx_word' id='word_1_178' title='bbox 906 2693 1059 2757; x_wconf 87' lang='lat' dir='ltr'><strong>luce</strong></span> <span class='ocrx_word' id='word_1_179' title='bbox 1080 2691 1301 2758; x_wconf 85' lang='lat' dir='ltr'><strong>medio</strong></span> <span class='ocrx_word' id='word_1_180' title='bbox 1320 2691 1387 2755; x_wconf 90' lang='lat' dir='ltr'><strong>in</strong></span> <span class='ocrx_word' id='word_1_181' title='bbox 1412 2693 1606 2756; x_wconf 84' lang='lat' dir='ltr'><strong>alveo</strong></span> <span class='ocrx_word' id='word_1_182' title='bbox 1628 2710 1776 2755; x_wconf 89' lang='lat' dir='ltr'><strong>cum</strong></span> <span class='ocrx_word' id='word_1_183' title='bbox 1803 2690 2208 2754; x_wconf 84' lang='lat' dir='ltr'><strong>stationibus</strong></span> <span class='ocrx_word' id='word_1_184' title='bbox 2231 2691 2521 2757; x_wconf 87' lang='lat' dir='ltr'><strong>hostium</strong></span> 
     </span>
     <span class='ocr_line' id='line_1_24' title="bbox 329 2792 2521 2880; baseline -0.001 -20"><span class='ocrx_word' id='word_1_185' title='bbox 329 2794 632 2880; x_wconf 80' lang='lat' dir='ltr'><strong>praelium</strong></span> <span class='ocrx_word' id='word_1_186' title='bbox 662 2794 1021 2860; x_wconf 88' lang='lat' dir='ltr'><strong>commisit.</strong></span> <span class='ocrx_word' id='word_1_187' title='bbox 1109 2792 1624 2876; x_wconf 85' lang='lat' dir='ltr'><strong>Pugnatumque</strong></span> <span class='ocrx_word' id='word_1_188' title='bbox 1653 2792 1982 2874; x_wconf 84' lang='lat' dir='ltr'><strong>utrimque</strong></span> <span class='ocrx_word' id='word_1_189' title='bbox 2012 2800 2120 2855; x_wconf 88' lang='lat' dir='ltr'><strong>est</strong></span> <span class='ocrx_word' id='word_1_190' title='bbox 2146 2792 2282 2856; x_wconf 83' lang='lat' dir='ltr'><strong>levi</strong></span> <span class='ocrx_word' id='word_1_191' title='bbox 2307 2812 2521 2857; x_wconf 82' lang='lat' dir='ltr'><strong>arma-</strong></span> 
     </span>
     <span class='ocr_line' id='line_1_25' title="bbox 329 2892 2520 2979; baseline -0.001 -17"><span class='ocrx_word' id='word_1_192' title='bbox 329 2907 517 2962; x_wconf 83' lang='lat' dir='ltr'><strong>tura:</strong></span> <span class='ocrx_word' id='word_1_193' title='bbox 564 2916 689 2961; x_wconf 89' lang='lat' dir='ltr'><strong>nec</strong></span> <span class='ocrx_word' id='word_1_194' title='bbox 719 2894 1129 2979; x_wconf 81' lang='lat' dir='ltr'><strong>gravioribus</strong></span> <span class='ocrx_word' id='word_1_195' title='bbox 1157 2894 1360 2959; x_wconf 80' lang='lat' dir='ltr'><strong>armis</strong></span> <span class='ocrx_word' id='word_1_196' title='bbox 1401 2894 1470 2957; x_wconf 90' lang='lat' dir='ltr'><strong>in</strong></span> <span class='ocrx_word' id='word_1_197' title='bbox 1502 2899 1638 2956; x_wconf 85' lang='lat' dir='ltr'><strong>tam</strong></span> <span class='ocrx_word' id='word_1_198' title='bbox 1672 2892 1990 2975; x_wconf 76' lang='lat' dir='ltr'><strong>inoequali</strong></span> <span class='ocrx_word' id='word_1_199' title='bbox 2019 2894 2210 2955; x_wconf 82' lang='lat' dir='ltr'><strong>alveo</strong></span> <span class='ocrx_word' id='word_1_200' title='bbox 2242 2897 2520 2975; x_wconf 83' lang='lat' dir='ltr'><strong>pugnari</strong></span> 
     </span>
     <span class='ocr_line' id='line_1_26' title="bbox 329 2994 2518 3084; baseline -0.003 -20"><span class='ocrx_word' id='word_1_201' title='bbox 329 3005 620 3084; x_wconf 82' lang='lat' dir='ltr'><strong>poterat.</strong></span> <span class='ocrx_word' id='word_1_202' title='bbox 711 2996 1095 3061; x_wconf 87' lang='lat' dir='ltr'><strong>Descensns</strong></span> <span class='ocrx_word' id='word_1_203' title='bbox 1124 2998 1291 3080; x_wconf 80' lang='lat' dir='ltr'><strong>ripae</strong></span> <span class='ocrx_word' id='word_1_204' title='bbox 1324 2994 1672 3079; x_wconf 85' lang='lat' dir='ltr'><strong>utriusque</strong></span> <span class='ocrx_word' id='word_1_205' title='bbox 1691 2994 1762 3059; x_wconf 89' lang='lat' dir='ltr'><strong>in</strong></span> <span class='ocrx_word' id='word_1_206' title='bbox 1788 2994 2054 3058; x_wconf 87' lang='lat' dir='ltr'><strong>alveum</strong></span> <span class='ocrx_word' id='word_1_207' title='bbox 2073 3000 2518 3058; x_wconf 79' lang='lat' dir='ltr'><strong>trecentorum</strong></span> 
     </span>
     <span class='ocr_line' id='line_1_27' title="bbox 328 3088 2520 3184; baseline -0.003 -18"><span class='ocrx_word' id='word_1_208' title='bbox 328 3104 528 3169; x_wconf 81' lang='lat' dir='ltr'><strong>ferme</strong></span> <span class='ocrx_word' id='word_1_209' title='bbox 556 3119 878 3184; x_wconf 86' lang='lat' dir='ltr'><strong>passuum</strong></span> <span class='ocrx_word' id='word_1_210' title='bbox 912 3110 1098 3164; x_wconf 84' lang='lat' dir='ltr'><strong>erat:</strong></span> <span class='ocrx_word' id='word_1_211' title='bbox 1131 3097 1421 3163; x_wconf 83' lang='lat' dir='ltr'><strong>medium</strong></span> <span class='ocrx_word' id='word_1_212' title='bbox 1453 3098 1744 3181; x_wconf 88' lang='lat' dir='ltr'><strong>spatium</strong></span> <span class='ocrx_word' id='word_1_213' title='bbox 1774 3094 2114 3172; x_wconf 75' lang='lat' dir='ltr'><strong>torrentiS,</strong></span> <span class='ocrx_word' id='word_1_214' title='bbox 2137 3095 2300 3159; x_wconf 88' lang='lat' dir='ltr'><strong>alibi</strong></span> <span class='ocrx_word' id='word_1_215' title='bbox 2329 3088 2520 3159; x_wconf 68' lang='lat' dir='ltr'><strong>aliter&#39;</strong></span> 
     </span>
     <span class='ocr_line' id='line_1_28' title="bbox 330 3195 2520 3297; baseline -0.004 -28"><span class='ocrx_word' id='word_1_216' title='bbox 330 3202 575 3279; x_wconf 85' lang='lat' dir='ltr'><strong>cavati,</strong></span> <span class='ocrx_word' id='word_1_217' title='bbox 626 3202 829 3285; x_wconf 88' lang='lat' dir='ltr'><strong>paulo</strong></span> <span class='ocrx_word' id='word_1_218' title='bbox 886 3200 1043 3283; x_wconf 87' lang='lat' dir='ltr'><strong>plus</strong></span> <span class='ocrx_word' id='word_1_219' title='bbox 1090 3220 1290 3284; x_wconf 89' lang='lat' dir='ltr'><strong>quam</strong></span> <span class='ocrx_word' id='word_1_220' title='bbox 1352 3200 1535 3264; x_wconf 89' lang='lat' dir='ltr'><strong>mille</strong></span> <span class='ocrx_word' id='word_1_221' title='bbox 1593 3216 1844 3282; x_wconf 89' lang='lat' dir='ltr'><strong>passus</strong></span> <span class='ocrx_word' id='word_1_222' title='bbox 1903 3197 2196 3297; x_wconf 74' lang='lat' dir='ltr'><strong>patebat.</strong></span> <span class='ocrx_word' id='word_1_223' title='bbox 2287 3195 2398 3261; x_wconf 88' lang='lat' dir='ltr'><strong>Ibi</strong></span> <span class='ocrx_word' id='word_1_224' title='bbox 2448 3198 2520 3261; x_wconf 90' lang='lat' dir='ltr'><strong>in</strong></span> 
     </span>
    </p>
   </div>
   <div class='ocr_carea' id='block_1_3' title="bbox 390 3370 1812 3441">
    <p class='ocr_par' dir='ltr' id='par_1_3' title="bbox 390 3370 1812 3441">
     <span class='ocr_line' id='line_1_29' title="bbox 390 3370 1812 3441; baseline -0.004 -15"><span class='ocrx_word' id='word_1_225' title='bbox 390 3373 409 3409; x_wconf 70' lang='lat'>¹</span> <span class='ocrx_word' id='word_1_226' title='bbox 440 3376 555 3433; x_wconf 76' lang='lat' dir='ltr'><strong>Qun</strong></span> <span class='ocrx_word' id='word_1_227' title='bbox 576 3392 630 3427; x_wconf 81' lang='lat' dir='ltr'><strong>re</strong></span> <span class='ocrx_word' id='word_1_228' title='bbox 649 3377 825 3427; x_wconf 60' lang='lat' dir='ltr'><strong>numen</strong></span> <span class='ocrx_word' id='word_1_229' title='bbox 847 3374 1055 3427; x_wconf 69' lang='lat' dir='ltr'><strong>Romani</strong></span> <span class='ocrx_word' id='word_1_230' title='bbox 1075 3374 1277 3441; x_wconf 67' lang='lat' dir='ltr'><strong>reliqum</strong></span> <span class='ocrx_word' id='word_1_231' title='bbox 1296 3375 1437 3437; x_wconf 67' lang='lat' dir='ltr'><strong>lones</strong></span> <span class='ocrx_word' id='word_1_232' title='bbox 1455 3370 1812 3423; x_wconf 65' lang='lat' dir='ltr'><strong>antecellebat.</strong></span> 
     </span>
    </p>
   </div>
   <div class='ocr_carea' id='block_1_4' title="bbox 1242 3529 1602 3551">
    <p class='ocr_par' dir='ltr' id='par_1_4' title="bbox 1242 3529 1602 3551">
     <span class='ocr_line' id='line_1_30' title="bbox 1242 3529 1602 3551; baseline -0.008 0"><span class='ocrx_word' id='word_1_233' title='bbox 1242 3529 1602 3551; x_wconf 53' lang='lat' dir='ltr'><strong>‘eneconem‘</strong></span> 
     </span>
    </p>
   </div>
   <div class='ocr_carea' id='block_1_5' title="bbox 326 3624 2518 3894">
    <p class='ocr_par' dir='ltr' id='par_1_5' title="bbox 326 3624 2518 3894">
     <span class='ocr_line' id='line_1_31' title="bbox 330 3624 2518 3701; baseline -0.005 -16"><span class='ocrx_word' id='word_1_234' title='bbox 330 3636 527 3700; x_wconf 83' lang='lat' dir='ltr'><strong>Delph.</strong></span> <span class='ocrx_word' id='word_1_235' title='bbox 549 3634 773 3687; x_wconf 68' lang='lat' dir='ltr'><strong>int—19</strong></span> <span class='ocrx_word' id='word_1_236' title='bbox 806 3637 962 3687; x_wconf 75' lang='lat' dir='ltr'><strong>Mam</strong></span> <span class='ocrx_word' id='word_1_237' title='bbox 999 3636 1153 3685; x_wconf 65' lang='grc' dir='ltr'><strong>(ἔην.</strong></span> <span class='ocrx_word' id='word_1_238' title='bbox 1186 3631 1593 3682; x_wconf 50' lang='lat' dir='ltr'><strong>minoribus-2⁰</strong></span> <span class='ocrx_word' id='word_1_239' title='bbox 1614 3632 1630 3659; x_wconf 90' lang='lat'>‘</span> <span class='ocrx_word' id='word_1_240' title='bbox 1653 3628 1737 3679; x_wconf 82' lang='lat' dir='ltr'><strong>An</strong></span> <span class='ocrx_word' id='word_1_241' title='bbox 1759 3628 1930 3678; x_wconf 72' lang='lat' dir='ltr'><strong>Livius</strong></span> <span class='ocrx_word' id='word_1_242' title='bbox 1955 3642 2047 3691; x_wconf 86' lang='lat' dir='ltr'><strong>pro</strong></span> <span class='ocrx_word' id='word_1_243' title='bbox 2071 3631 2172 3676; x_wconf 81' lang='lat' dir='ltr'><strong>totu</strong></span> <span class='ocrx_word' id='word_1_244' title='bbox 2192 3624 2403 3689; x_wconf 74' lang='lat' dir='ltr'><strong>scripsit</strong></span> <span class='ocrx_word' id='word_1_245' title='bbox 2424 3630 2518 3701; x_wconf 63' lang='lat' dir='ltr'><strong>tef-</strong></span> 
     </span>
     <span class='ocr_line' id='line_1_32' title="bbox 329 3688 2513 3761; baseline -0.006 -11"><span class='ocrx_word' id='word_1_246' title='bbox 329 3698 445 3751; x_wconf 55' lang='lat' dir='ltr'><strong>tu?</strong></span> <span class='ocrx_word' id='word_1_247' title='bbox 474 3702 819 3761; x_wconf 54' lang='lat' dir='ltr'><strong>Dumium—l</strong></span> <span class='ocrx_word' id='word_1_248' title='bbox 865 3702 1059 3749; x_wconf 68' lang='lat' dir='ltr'><strong>Coenoem</strong></span> <span class='ocrx_word' id='word_1_249' title='bbox 1086 3697 1225 3761; x_wconf 83' lang='lat' dir='ltr'><strong>conj.</strong></span> <span class='ocrx_word' id='word_1_250' title='bbox 1262 3696 1526 3745; x_wconf 67' lang='lat' dir='ltr'><strong>arom—2</strong></span> <span class='ocrx_word' id='word_1_251' title='bbox 1560 3694 1799 3743; x_wconf 79' lang='lat' dir='ltr'><strong>Malebat</strong></span> <span class='ocrx_word' id='word_1_252' title='bbox 1822 3692 1976 3741; x_wconf 83' lang='lat' dir='ltr'><strong>Crev.</strong></span> <span class='ocrx_word' id='word_1_253' title='bbox 2008 3692 2269 3752; x_wconf 74' lang='lat' dir='ltr'><strong>regiis.-8</strong></span> <span class='ocrx_word' id='word_1_254' title='bbox 2303 3692 2319 3717; x_wconf 90' lang='lat'>‘</span> <span class='ocrx_word' id='word_1_255' title='bbox 2342 3688 2513 3737; x_wconf 76' lang='lat' dir='ltr'><strong>Pam·</strong></span> 
     </span>
     <span class='ocr_line' id='line_1_33' title="bbox 326 3754 2516 3829; baseline -0.006 -15"><span class='ocrx_word' id='word_1_256' title='bbox 326 3765 493 3814; x_wconf 70' lang='lat' dir='ltr'><strong>eniam</strong></span> <span class='ocrx_word' id='word_1_257' title='bbox 524 3766 701 3827; x_wconf 79' lang='lat' dir='ltr'><strong>procul,</strong></span> <span class='ocrx_word' id='word_1_258' title='bbox 728 3780 793 3814; x_wconf 82' lang='lat' dir='ltr'><strong>ne</strong></span> <span class='ocrx_word' id='word_1_259' title='bbox 822 3765 1019 3813; x_wconf 81' lang='lat' dir='ltr'><strong>monito</strong></span> <span class='ocrx_word' id='word_1_260' title='bbox 1041 3764 1247 3828; x_wconf 76' lang='lat' dir='ltr'><strong>quidem</strong></span> <span class='ocrx_word' id='word_1_261' title='bbox 1268 3762 1487 3819; x_wconf 75' lang='lat' dir='ltr'><strong>lectore,</strong></span> <span class='ocrx_word' id='word_1_262' title='bbox 1508 3758 1705 3808; x_wconf 80' lang='lat' dir='ltr'><strong>delevit</strong></span> <span class='ocrx_word' id='word_1_263' title='bbox 1740 3758 1896 3807; x_wconf 74' lang='lat' dir='ltr'><strong>Crev.</strong></span> <span class='ocrx_word' id='word_1_264' title='bbox 1929 3755 2022 3805; x_wconf 72' lang='lat' dir='ltr'><strong>sed</strong></span> <span class='ocrx_word' id='word_1_265' title='bbox 2060 3756 2151 3804; x_wconf 78' lang='grc' dir='ltr'>ἰΙΙι</span> <span class='ocrx_word' id='word_1_266' title='bbox 2191 3768 2285 3817; x_wconf 77' lang='lat' dir='ltr'><strong>pro</strong></span> <span class='ocrx_word' id='word_1_267' title='bbox 2318 3754 2516 3829; x_wconf 56' lang='lat' dir='ltr'><strong>equum,</strong></span> 
     </span>
     <span class='ocr_line' id='line_1_34' title="bbox 327 3816 2518 3894; baseline -0.008 -13"><span class='ocrx_word' id='word_1_268' title='bbox 327 3828 607 3894; x_wconf 71' lang='lat' dir='ltr'><strong>opponitur</strong></span> <span class='ocrx_word' id='word_1_269' title='bbox 637 3830 709 3892; x_wconf 66' lang='grc' dir='ltr'><strong>τᾷ</strong></span> <span class='ocrx_word' id='word_1_270' title='bbox 744 3830 957 3879; x_wconf 63' lang='lat' dir='ltr'><strong>cominu</strong></span> <span class='ocrx_word' id='word_1_271' title='bbox 991 3829 1168 3893; x_wconf 78' lang='lat' dir='ltr'><strong>piane,</strong></span> <span class='ocrx_word' id='word_1_272' title='bbox 1202 3833 1261 3876; x_wconf 88' lang='lat' dir='ltr'><strong>ut</strong></span> <span class='ocrx_word' id='word_1_273' title='bbox 1300 3824 1456 3890; x_wconf 78' lang='lat' dir='ltr'><strong>paulo</strong></span> <span class='ocrx_word' id='word_1_274' title='bbox 1491 3832 1609 3887; x_wconf 72' lang='lat' dir='ltr'><strong>pont</strong></span> <span class='ocrx_word' id='word_1_275' title='bbox 1639 3824 1692 3873; x_wconf 85' lang='lat' dir='ltr'><strong>in</strong></span> <span class='ocrx_word' id='word_1_276' title='bbox 1713 3823 1812 3873; x_wconf 82' lang='lat' dir='ltr'><strong>hoc</strong></span> <span class='ocrx_word' id='word_1_277' title='bbox 1833 3822 1948 3886; x_wconf 84' lang='lat' dir='ltr'><strong>ipso</strong></span> <span class='ocrx_word' id='word_1_278' title='bbox 1972 3816 2182 3884; x_wconf 76' lang='lat' dir='ltr'><strong>capite.&#39;</strong></span> <span class='ocrx_word' id='word_1_279' title='bbox 2213 3817 2518 3879; x_wconf 66' lang='lat' dir='ltr'><strong>nom.—</strong></span> 
     </span>
    </p>
   </div>
   <div class='ocr_carea' id='block_1_6' title="bbox 1308 3984 1525 4038">
    <p class='ocr_par' dir='ltr' id='par_1_6' title="bbox 1308 3984 1525 4038">
     <span class='ocr_line' id='line_1_35' title="bbox 1308 3984 1525 4038; baseline -0.014 0"><span class='ocrx_word' id='word_1_280' title='bbox 1308 3984 1525 4038; x_wconf 76' lang='lat' dir='ltr'><strong>NOTAE</strong></span> 
     </span>
    </p>
   </div>
   <div class='ocr_carea' id='block_1_7' title="bbox 322 4092 2514 4339">
    <p class='ocr_par' dir='ltr' id='par_1_7' title="bbox 322 4092 2514 4339">
     <span class='ocr_line' id='line_1_36' title="bbox 390 4092 2514 4167; baseline -0.008 -11"><span class='ocrx_word' id='word_1_281' title='bbox 390 4114 416 4147; x_wconf 75' lang='grc' dir='ltr'><strong>Ρ</strong></span> <span class='ocrx_word' id='word_1_282' title='bbox 450 4106 514 4161; x_wconf 86' lang='lat' dir='ltr'><strong>Q.</strong></span> <span class='ocrx_word' id='word_1_283' title='bbox 552 4104 755 4155; x_wconf 70' lang='lat' dir='ltr'><strong>Fabim·</strong></span> <span class='ocrx_word' id='word_1_284' title='bbox 792 4102 1087 4167; x_wconf 61' lang='lat' dir='ltr'><strong>Maximum]</strong></span> <span class='ocrx_word' id='word_1_285' title='bbox 1134 4102 1261 4153; x_wconf 80' lang='lat' dir='ltr'><strong>Fuit</strong></span> <span class='ocrx_word' id='word_1_286' title='bbox 1291 4101 1376 4150; x_wconf 85' lang='lat' dir='ltr'><strong>hic</strong></span> <span class='ocrx_word' id='word_1_287' title='bbox 1460 4096 1625 4149; x_wconf 85' lang='lat' dir='ltr'><strong>Fabio</strong></span> <span class='ocrx_word' id='word_1_288' title='bbox 1658 4096 1888 4149; x_wconf 77' lang='lat' dir='ltr'><strong>Maximo</strong></span> <span class='ocrx_word' id='word_1_289' title='bbox 1922 4096 2162 4147; x_wconf 80' lang='lat' dir='ltr'><strong>Labeone</strong></span> <span class='ocrx_word' id='word_1_290' title='bbox 2183 4092 2514 4145; x_wconf 73' lang='lat' dir='ltr'><strong>cunctatoris</strong></span> 
     </span>
     <span class='ocr_line' id='line_1_37' title="bbox 322 4174 1666 4241; baseline -0.003 -14"><span class='ocrx_word' id='word_1_291' title='bbox 322 4180 703 4230; x_wconf 72' lang='lat' dir='ltr'><strong>vetustissimus</strong></span> <span class='ocrx_word' id='word_1_292' title='bbox 758 4178 977 4229; x_wconf 80' lang='lat' dir='ltr'><strong>filiorum</strong></span> <span class='ocrx_word' id='word_1_293' title='bbox 1029 4176 1240 4239; x_wconf 79' lang='lat' dir='ltr'><strong>AEmilii,</strong></span> <span class='ocrx_word' id='word_1_294' title='bbox 1289 4174 1381 4241; x_wconf 80' lang='lat' dir='ltr'><strong>qui</strong></span> <span class='ocrx_word' id='word_1_295' title='bbox 1456 4180 1666 4240; x_wconf 83' lang='lat' dir='ltr'><strong>nepote·</strong></span> 
     </span>
     <span class='ocr_line' id='line_1_38' title="bbox 326 4252 1379 4339; baseline -0.009 -29"><span class='ocrx_word' id='word_1_296' title='bbox 326 4258 493 4311; x_wconf 76' lang='lat' dir='ltr'><strong>adhuc</strong></span> <span class='ocrx_word' id='word_1_297' title='bbox 532 4272 663 4323; x_wconf 84' lang='lat' dir='ltr'><strong>puer</strong></span> <span class='ocrx_word' id='word_1_298' title='bbox 697 4257 980 4339; x_wconf 44' lang='lat' dir='ltr'><strong>adoptatus</strong></span> <span class='ocrx_word' id='word_1_299' title='bbox 1022 4252 1197 4305; x_wconf 76' lang='lat' dir='ltr'><strong>suerat</strong></span> <span class='ocrx_word' id='word_1_300' title='bbox 1240 4266 1271 4303; x_wconf 76' lang='lat' dir='ltr'><strong>a</strong></span> <span class='ocrx_word' id='word_1_301' title='bbox 1311 4252 1379 4305; x_wconf 78' lang='lat' dir='ltr'><strong>Q,</strong></span> 
     </span>
    </p>
   </div>
  </div>
 </body>
</html>
