3177 4950
609 390 788 459 :3494
1503 404 1573 450 τ.
1622 374 1808 453 ω’νιι

613 554 791 634 agris
821 550 1270 632 demigrantes
1313 547 1627 632 oppressi
1664 549 1751 612 ad
1792 547 1974 613 mille
2014 552 2085 611 et
2124 547 2473 631 quingenti
2502 554 2558 595 ¹4
2598 548 2811 631 perie-

615 662 788 719 runt.
876 653 1099 718 Ceteri
1143 652 1474 715 montibus
1509 670 1584 715 se
1628 652 1959 725 tenebant,
1990 659 2083 727 et,
2110 668 2195 713 ne
2224 650 2297 714 in
2323 656 2509 713 metu
2540 648 2813 733 quidem

615 754 902 819 feritatis
935 753 1247 836 ingenitae
1285 751 1509 829 obliti,
1553 752 1843 817 saeviunt
1876 752 1943 815 in
1981 750 2303 833 praedam,
2334 770 2493 833 quae
2522 749 2817 815 Mutina&

616 864 812 939 parta
855 862 1019 918 erat.
1108 852 1442 936 Captivos
1487 870 1642 916 cum
1685 851 1875 915 soeda
1916 851 2321 917 laceratione
2366 851 2771 916 interficiunt
2792 872 2813 915 =

617 974 863 1039 pecora
909 955 975 1019 in
1017 954 1193 1019 fanis
1239 951 1574 1017 trucidant
1606 953 1827 1017 vetius
1856 952 2144 1036 passim,
2170 972 2371 1036 quam
2400 952 2531 1015 rite
2558 953 2815 1017 sacriti-

619 1062 798 1119 cant.
887 1055 1134 1120 Satiati
1163 1052 1350 1119 caede
1377 1054 1841 1133 animantium,
1868 1072 2025 1137 quae
2056 1053 2349 1117 inanima
2368 1062 2579 1131 eraut,
2600 1054 2819 1135 parie—

617 1157 796 1221 tibus
823 1156 1196 1239 affligunt,¹⁵
1243 1172 1412 1220 vasa
1427 1155 1646 1219 omnis
1666 1155 1927 1237 generis
1948 1155 2103 1219 usui
2132 1154 2369 1236 magis,
2398 1173 2601 1237 quam
2621 1173 2817 1221 orna-

617 1266 844 1323 mento
873 1258 938 1327 in
969 1259 1294 1341 speciem,
1325 1256 1591 1323 sacta.¹⁶
1677 1253 1771 1334 Q.
1798 1255 2109 1333 Retillius
2132 1255 2399 1333 consul,
2428 1274 2513 1319 ne
2543 1257 2821 1321 absente

617 1380 692 1423 se
723 1358 1200 1435 debellaretur,
1229 1359 1454 1423 literas
1483 1357 1567 1420 ad
1603 1355 1681 1421 C.
1711 1354 2071 1422 Claudium
2104 1356 2311 1433 misit,
2340 1363 2416 1421 ut
2440 1374 2597 1421 cum
2624 1375 2818 1421 exer·

617 1461 750 1524 citu
781 1458 868 1523 ad
901 1478 978 1523 se
1009 1460 1078 1523 in
1105 1458 1398 1524 Galliam
1427 1458 1712 1521 veniret:
1756 1457 2035 1540 Campis
2069 1457 2369 1523 Macris¹¹
2412 1477 2489 1523 se
2516 1478 2670 1523 eum
2692 1478 2819 1521 ex-

617 1567 1050 1643 pectaturum.
1123 1560 1369 1626 Litoris
1399 1561 1721 1642 acceptis,
1750 1558 2075 1624 Claudius
2092 1578 2181 1625 ex
2204 1560 2565 1640 Liguribus
2590 1570 2819 1625 castra

619 1659 850 1735 movit,
886 1659 1396 1741 exercitumque
1437 1659 1524 1724 ad
1555 1659 1861 1741 Campos
1892 1658 2171 1723 Macros
2214 1660 2481 1725 consuli
2515 1661 2815 1727 tradidit.

621 1759 878 1823 Eodem
921 1761 1154 1844 paucis
1202 1767 1354 1844 post
1405 1761 1645 1825 diebus
1685 1758 1767 1823 C.
1808 1758 2125 1825 Valerius
2152 1761 2388 1825 consul
2416 1761 2588 1826 alter
2617 1764 2817 1827 venit.

621 1860 754 1937 Ibi,
805 1861 1044 1927 divisis
1079 1863 1326 1944 copiis,
1367 1862 1757 1946 priusquam
1814 1858 2329 1943 digrederentur,
2378 1865 2822 1928 communiter

619 1964 818 2027 ambo
871 1964 1209 2028 exercitus
1263 1963 1731 2027 lustraverunt.
1818 1961 1993 2027 Tum
2040 1963 2282 2040 sortiti,
2328 1964 2492 2047 quia
2544 1982 2679 2027 uon
2730 1966 2819 2030 ab

619 2062 860 2127 cadem
903 2069 1253 2146 utrumque
1298 2069 1486 2145 parte
1531 2062 1801 2146 aggredi
1844 2062 2107 2129 hostem
2148 2062 2485 2145 placebat,
2512 2067 2819 2145 regiones

621 2182 790 2244 quas
818 2170 1135 2245 peterent.
1181 2162 1530 2230 Valerium
1555 2166 1911 2247 auspicato
1930 2166 2239 2229 sortitum
2260 2170 2606 2243 constat,¹⁷
2636 2166 2819 2250 quod

619 2262 686 2325 in
719 2264 973 2347 templo
1003 2264 1279 2355 fuisset:
1325 2264 1395 2328 in
1424 2264 1703 2331 Petillio
1736 2266 1809 2331 id
1840 2266 2011 2331 vit-io
2044 2266 2317 2345 sactum,
2342 2274 2581 2349 postea
2610 2285 2821 2349 augn-

619 2384 724 2428 res
756 2365 1255 2449 responderunt‚
1279 2367 1464 2449 quod
1500 2375 1693 2431 extra
1724 2367 2037 2450 templum
2056 2367 2109 2407 ⁸⁸
2154 2374 2397 2433 sortem
2430 2368 2497 2431 in
2526 2366 2819 2431 sitellam

621 2464 690 2528 in
725 2466 1042 2551 templum
1073 2466 1278 2532 latam
1309 2467 1472 2532 soris
1501 2468 1653 2553 ipse
1687 2469 2005 2552 posuerit.
2098 2468 2395 2535 Profecti
2426 2468 2585 2534 iride
2617 2470 2685 2535 in
2716 2470 2822 2536 di-

623 2571 854 2632 versas
883 2570 1208 2650 regiones.
1283 2567 1595 2635 Petillius
1628 2570 1957 2635 adversus
1980 2571 2263 2636 Balistae
2291 2581 2361 2636 et
2378 2570 2529 2635 Leti
2552 2571 2823 2654 jugum,

621 2669 806 2749 quod
836 2687 958 2732 eos
989 2674 1247 2733 montes
1277 2677 1607 2752 perpetuo
1638 2671 1842 2736 dorso
1870 2673 2046 2737 inter
2074 2693 2151 2737 se
2171 2673 2419 2756 jungit,
2450 2669 2678 2737 cast'ra
2704 2673 2821 2738 ha-

621 2768 785 2831 buit.
874 2767 986 2831 Ibi
1039 2768 1504 2833 adhortantem
1549 2791 1697 2836 eum
1741 2793 1865 2856 pro
1910 2776 2233 2839 concione
2275 2773 2543 2850 militeS,
2588 2776 2824 2838 imme-

619 2887 876 2932 morem
929 2869 1385 2952 ambiguitatis
1436 2872 1647 2949 verbi‚
1700 2873 2069 2940 ominatum
2130 2874 2363 2950 serunt,
2406 2879 2427 2910 ‘
2451 2895 2526 2938 se
2574 2893 2657 2938 eo
2712 2874 2825 2937 die

623 2968 866 3034 Letum
893 2978 1248 3054 capturum
1289 2970 1485 3036 csse?
1503 2979 1530 3008 ⁰
1618 2972 1905 3039 Duabus
1930 2975 2131 3039 simul
2161 2975 2468 3058 partibus
2500 2975 2723 3040 subire
2750 2975 2825 3038 in

621 3071 946 3135 adversos
1003 3078 1262 3136 montes
1309 3073 1545 3154 coepit.
1610 3073 1711 3138 Ea
1738 3094 1920 3158 pars,
1946 3077 2012 3140 in
2066 3095 2204 3160 qua
2232 3077 2385 3160 ipse
2430 3093 2595 3155 erat,
2624 3077 2825 3159 impi-

1542 3249 1906 3273 000000000000

691 3380 752 3424 let
786 3378 802 3404 ‘
825 3377 911 3426 Sic
933 3377 1137 3438 reporui
1162 3391 1256 3440 pro
1290 3378 1590 3443 quingentos,
1616 3379 1751 3440 quod
1776 3395 1841 3430 ex
1866 3383 2047 3433 ultima
2068 3383 2286 3434 Gruteri
2308 3385 2393 3434 ed.
2417 3393 2687 3462 receptum
2711 3393 2795 3436 ent
2814 3404 2831 3438 z

622 3442 686 3488 aa
730 3441 806 3488 Μ.
838 3447 888 3489 et
924 3440 998 3491 D.
1036 3441 1156 3491 edd.
1194 3442 1547 3504 antiquiores!
1581 3443 1783 3506 Rupert-
1865 3447 2167 3509 octngentos
2203 3450 2365 3498 Gron.
2410 3450 2627 3512 Domai.
2664 3449 2824 3501 Crev.

623 3504 790 3554 Drak.
814 3505 1100 3554 Boon—15
1134 3507 1354 3572 Affigmrt
1377 3507 1541 3556 Grou.
1562 3507 1776 3570 Doujat.
1798 3509 2087 3561 Crem-16
2122 3513 2287 3562 Drnk.
2318 3519 2365 3562 et
2402 3521 2520 3576 port
2554 3520 2829 3564 ommate

623 3567 971 3630 inserendum,
995 3577 1050 3618 et
1073 3569 1230 3619 Crev.
1251 3583 1430 3619 vocem
1451 3576 1723 3620 ornamento
1745 3573 2017 3625 delendam
2042 3575 2309 3626 censebat.
2352 3579 2369 3604 ‘
2390 3577 2441 3626 Si
2466 3577 2589 3642 quid
2610 3579 2827 3642 ejicien-

623 3631 745 3680 dum
780 3632 868 3691 rit,
888 3632 1126 3694 equidem
1150 3635 1400 3683 orationis
1423 3636 1787 3686 concinnitatis
1822 3639 1990 3700 gratia
2012 3641 2183 3703 potins
2207 3655 2363 3690 vocer
2380 3643 2433 3690 in
2452 3641 2651 3705 speeiem
2672 3655 2827 3706 quam

623 3701 894 3744 ornatum
915 3695 1196 3759 ejicerem!
1233 3697 1597 3759 During—1⁷
1636 3701 1897 3752 Constabat
1927 3704 2091 3754 Gron.
2128 3705 2341 3768 Doujat.
2368 3707 2652 3756 Crem—18
2684 3711 2701 3736 ⁸
2724 3704 2831 3756 Vel

1612 3841 1829 3895 NOTAE

689 3941 712 3967 ²
749 3935 939 3997 Campis
960 3933 1170 4000 Macris]
1205 3933 1267 3985 In
1305 3936 1478 3986 Gallia
1515 3937 1684 3999 cispa·
1768 3941 1903 3990 Leto
1962 3949 2139 3992 monte
2203 3943 2427 3994 Petilius
2481 3944 2833 4009 loquebatura

625 4009 760 4059 dana
783 4009 885 4060 fuit
905 4011 988 4060 hic
1005 4011 1170 4072 locus,
1195 4025 1330 4060 nunc
1355 4013 1520 4062 Valde
1541 4014 1684 4064 Moa-
1766 4025 1983 4066 eventus
2002 4019 2101 4068 alio
2120 4021 2281 4070 vertit
2294 4020 2359 4070 ad
2376 4021 2569 4070 lethum
2584 4036 2677 4071 seu
2694 4037 2830 4072 mor·

626 4087 782 4134 tirone
807 4086 1066 4148 Leandro,
1100 4087 1240 4136 circa
1274 4087 1542 4138 sect-triam
1579 4103 1685 4137 nm·
1768 4099 1871 4140 tem
1904 4093 2097 4155 ipsius:
2132 4093 2229 4144 sibi
2262 4097 2441 4160 itaque
2472 4095 2739 4146 funestum
2770 4112 2830 4147 o-

626 4172 742 4208 nem
767 4161 902 4210 inter
923 4161 1152 4227 Carpum
1177 4171 1234 4212 et
1256 4163 1624 4214 Mirandulam.
1766 4179 1883 4216 men
1915 4165 2065 4232 fecit,
2086 4181 2189 4234 qua
2220 4169 2287 4219 de
2315 4183 2373 4221 re
2401 4169 2579 4222 vuer.
2604 4171 2828 4224 Maxim.

693 4245 716 4269 ⁰
748 4237 884 4288 Seeo
905 4242 981 4291 die
1001 4242 1174 4292 laetm
1189 4250 1434 4306 mmmm
1455 4243 1577 4306 aar]
1604 4245 1686 4294 De
1767 4243 1857 4293 lib.
1882 4255 1923 4295 1.
1947 4257 1996 4295 e.
2018 4247 2067 4293 ⁶.
