3177 4950
597 392 774 459 3520

1571 400 1657 447 ‘1⁸0-
1694 396 1881 447 mvn

633 552 742 601 Cic-
767 549 870 599 nin
929 560 944 584 ⁴
973 546 1076 608 Ne
1101 549 1254 627 quis,
1280 547 1382 625 qui
1417 553 1550 624 post
1577 544 1661 601 A.
1692 541 2089 611 Postumium,
2118 540 2203 606 Q·
2243 538 2521 598 Fulvium
2542 560 2807 601 censores

607 617 746 665 Verr.
773 630 821 661 n.

607 678 721 730 1⁰⁷.

927 653 1170 703 census⁰
1193 651 1365 711 esset,
1400 639 1689 699 haeredem
1706 638 2013 716 virginem,
2042 655 2187 697 neve
2220 634 2525 693 mulierem
2552 636 2810 697 faceret:

605 743 722 809 Dio,
747 756 854 791 tw·
931 760 1078 799 neve
1115 737 1224 797 ulli
1267 737 1534 814 virgini,¹’
1561 734 1657 795 vel
1709 732 1961 802 mulieri,
2010 732 2166 792 bona
2218 734 2567 813 cujusquam
2614 732 2817 793 liceret

929 834 1267 895 haereditate
1287 834 1582 911 percipere
1602 829 1759 889 ultra
1779 838 2015 888 centum
2041 826 2231 887 millia
2246 829 2612 891 sestertium?
2694 828 2819 888 sed

929 938 992 989 et
1041 927 1366 990 cavendum
1413 944 1647 1004 quoque
1696 924 1872 983 duxit
1914 922 2241 993 Voconius,
2296 944 2369 981 ne
2414 924 2820 1000 magnitudine

933 1025 1255 1103 legatorum
1289 1020 1676 1089 haereditates,
1713 1017 1869 1097 quod
1896 1016 2079 1077 fiebat
2112 1018 2423 1089 interdum,
2444 1018 2824 1079 exhauriren-

645 1135 749 1184 Cic.
769 1150 806 1181 ι.
825 1134 877 1181 in
935 1130 1046 1181 tur.
1131 1118 1384 1197 Adjecit
1425 1117 1601 1194 igitur
1650 1112 1962 1192 rogationi,
1993 1122 2009 1148 ‘
2036 1112 2140 1171 Ne
2186 1113 2319 1193 quis
2358 1114 2493 1193 plus
2540 1115 2821 1193 cuiquam

613 1199 912 1247 V⁰“·¹¹·¹¹⁰·
935 1216 1180 1293 legaret,
1210 1232 1388 1291 quam
1413 1210 1491 1271 ad
1517 1208 1809 1269 haeredem
1833 1208 2169 1267 haeredesve
2196 1210 2563 1287 perveniret?
2614 1209 2825 1288 Atque

935 1312 1048 1371 hoc
1074 1308 1312 1389 quidem
1339 1307 1623 1387 posterius
1664 1304 1810 1381 legis
1836 1312 2015 1383 caput
2038 1302 2214 1362 facile
2252 1324 2315 1361 se
2354 1304 2579 1385 populo
2612 1306 2825 1385 proba-

937 1407 1062 1476 bat,
1098 1403 1255 1486 quod
1295 1410 1357 1461 et
1381 1400 1770 1482 aequissimum
1796 1397 2112 1468 videretur,
2145 1418 2252 1457 uec
2277 1400 2557 1479 cuiquem
2584 1418 2827 1477 magno-

937 1520 1074 1581 pere
1109 1519 1284 1577 grave
1311 1504 1480 1557 esset.

1569 1493 1666 1553 De
1695 1494 1902 1574 priore,
1939 1513 2059 1571 quo
2092 1494 2543 1553 removebantur
2572 1493 2828 1553 foeminae

941 1594 1017 1654 ab
1053 1594 1313 1653 omnium
1351 1592 1590 1651 omuino
1629 1588 1844 1649 civium
1889 1586 2353 1659 haereditatibus,
2398 1588 2828 1667 ambigebatur.

649 1691 758 1740 Liv.

621 1768 812 1803 xxxiv.
839 1756 886 1801 1.

618 1828 670 1867 et
687 1833 824 1882 seqq.

645 1895 750 1945 Cic.
763 1894 824 1943 de

943 1686 1390 1749 Dubitationem
1435 1686 1657 1745 exemit
1698 1682 1792 1744 Μ.
1834 1681 2014 1752 Cato,
2060 1684 2375 1742 acerrimus
2412 1684 2546 1763 jam
2589 1682 2731 1743 olim
2768 1685 2831 1742 in

942 1783 1315 1845 defendenda
1351 1784 1480 1861 lege
1508 1781 1712 1862 Oppia
1752 1776 2063 1838 mulierum
2092 1776 2461 1838 adversarius
2496 1789 2559 1837 et
2580 1782 2837 1857 castiga·

943 1890 1056 1952 tor,
1082 1882 1186 1960 qui
1229 1887 1290 1939 et
1319 1880 1475 1938 hanc
1517 1895 1751 1956 quoque
1790 1874 2028 1953 majoris
2070 1874 2349 1932 momenti
2383 1874 2659 1934 adversus
2696 1874 2837 1935 illas

621 1961 798 2009 Semn.
817 1962 897 2009 ¹⁴·
947 1976 1134 2054 legem
1175 1994 1360 2033 annos
1401 1983 1574 2032 natus
1608 1972 1869 2052 quinque
1910 1976 1973 2027 et
2014 1970 2321 2046 sexaginta
2346 1989 2560 2048 magna
2586 1990 2729 2029 voce
2770 1980 2836 2029 et

944 2070 1115 2129 bonis
1153 2067 1435 2130 lateribus
1467 2068 1671 2136 suasit,
1707 2085 1812 2146 pro
1846 2062 2019 2122 solita
2054 2065 2367 2143 asperitate
2395 2064 2455 2123 in
2489 2063 2837 2124 muliebrem

829 2214 842 2227 .
950 2167 1213 2224 invectus
1239 2163 1669 2243 impotentiam,
1692 2156 2201 2239 intolerandosque
2223 2159 2279 2217 in
2323 2158 2626 2241 opulentia
2662 2159 2835 2239 spiri-

1642 2317 1853 2371 1³01·AE

717 2428 741 2452 ⁰
776 2420 852 2468 Ne
870 2419 976 2483 quis
997 2454 1010 2470 .
1029 2454 1067 2471 ..
1091 2418 1278 2484 coms]
1327 2418 1444 2469 Hac
1479 2430 1609 2468 voce
1630 2417 1704 2467 ci-

655 2509 742 2543 ves
773 2510 958 2551 omnes.
983 2497 1240 2547 Romanos
1261 2495 1707 2560 complectebatur

655 2572 948 2619 Voconius:
980 2571 1024 2620 si
1063 2571 1270 2636 quidem
1306 2583 1481 2620 omnes
1504 2569 1707 2618 censeri

655 2659 868 2694 neeesse
899 2645 1161 2696 hebebant
1181 2661 1247 2697 ex
1270 2647 1384 2709 lege
1408 2660 1438 2693 s
1458 2645 1567 2694 Ser.
1587 2643 1708 2692 Tul-

655 2719 727 2767 lio
748 2720 873 2781 lsts,
907 2725 968 2770 nt
989 2727 1191 2771 constat
1213 2735 1280 2770 ex
1305 2720 1470 2780 Livio,
1493 2733 1534 2768 1.
1557 2734 1605 2768 e.
1625 2723 1709 2770 44.

659 2794 735 2844 At
756 2809 880 2844 vero
895 2797 1158 2860 aliquanto
1181 2803 1299 2860 post
1321 2796 1432 2846 hec
1455 2802 1711 2859 tempora,

657 2877 812 2920 aucto
826 2872 934 2935 jam
947 2871 1005 2930 in
1023 2873 1326 2922 immensum
1341 2869 1579 2935 irnperio,
1594 2884 1711 2920 eum

657 2947 807 2996 multi
831 2949 971 3002 cives
996 2949 1078 2999 vel
1104 2949 1443 3012 publicorum,
1484 2947 1562 2998 vel
1608 2947 1711 3011 pri-

660 3031 894 3072 vatorum
917 3025 1242 3087 negotiorum
1265 3038 1421 3074 censs
1441 3025 1494 3074 in
1517 3023 1712 3085 longin-

1789 2414 1941 2463 victis
1964 2414 2281 2479 argumentis
2316 2414 2509 2466 refellit
2544 2416 2661 2467 διο.
2692 2414 2841 2465 Peri-

1786 2493 1962 2542 zonius
1984 2493 2035 2542 in
2058 2494 2355 2543 doctissima
2376 2497 2604 2544 Dissert.
2634 2492 2699 2542 de
2722 2495 2838 2554 lege

1787 2569 2036 2624 Voconia,
2066 2567 2203 2618 unde
2235 2569 2393 2618 etiam
2416 2571 2637 2619 mutuati
2666 2583 2841 2618 sumus

1790 2645 2037 2710 quiequid
2072 2645 2157 2696 hic
2176 2645 2243 2694 de
2268 2646 2358 2696 ills
2379 2647 2494 2712 lege
2516 2655 2839 2695 annotamus.

1792 2721 1937 2770 Crev-

1854 2801 1881 2836 9
1916 2795 2047 2846 Neue
2068 2796 2156 2846 elli
2174 2795 2381 2859 virgini]
2414 2797 2545 2846 Hac
2572 2797 2689 2861 ipsa
2720 2801 2845 2847 snut

1790 2871 1973 2922 Dionis
1996 2873 2177 2934 verbs,
2208 2887 2427 2937 qnorum
2450 2873 2645 2936 duplex
2668 2880 2847 2935 potest

1792 2960 1907 2995 esse
1942 2959 2123 2998 sensus
2164 2963 2179 2998 ι
2230 2949 2366 2998 alter
2408 2963 2474 2998 ne
2512 2949 2601 2998 ulli
2636 2949 2847 3012 virgini,

1792 3023 1873 3072 vel
1898 3022 2099 3072 mulieri
2130 3023 2316 3074 liceret
2336 3024 2596 3074 heredem
2618 3039 2733 3074 esse
2754 3039 2847 3075 cu·

660 3097 774 3159 quis
817 3099 1092 3160 provinciis
1129 3099 1218 3148 diu
1257 3105 1711 3160 commorarentur,
1782 3096 2045 3160 jusqusm,
2080 3098 2168 3162 qni
2214 3098 2331 3160 plus
2368 3107 2577 3150 eentum
2615 3101 2846 3151 millibus

659 3171 927 3221 imminuta
948 3182 1030 3223 est
1056 3173 1320 3237 paulatim,
1341 3188 1406 3224 se
1421 3172 1609 3222 deinde
1632 3187 1714 3222 so-

661 3245 772 3295 luta
793 3259 982 3295 census
1005 3247 1310 3298 necessitss.
1347 3248 1468 3296 Vid-
1489 3247 1601 3297 Cic.
1622 3261 1717 3309 pro

663 3319 824 3369 Arci».
844 3335 896 3369 n.
921 3324 1000 3371 11.
1067 3320 1239 3386 Atque
1271 3321 1393 3372 inde
1425 3322 1595 3383 patuit
1631 3336 1714 3371 oc·

661 3396 798 3446 casio
821 3394 1017 3444 fraudis
1039 3394 1294 3445 facienda
1327 3396 1428 3458 legi
1450 3397 1715 3457 Voconia»,

662 3485 780 3522 cuin
807 3471 842 3520 ii
867 3471 954 3536 qni
979 3471 1210 3521 soeminss
1238 3471 1471 3521 heredes
1509 3471 1716 3520 institu-

663 3563 753 3597 ere
777 3546 1078 3610 cupiebant,
1113 3561 1142 3595 a
1174 3560 1333 3596 censu
1357 3547 1713 3595 abstinerentt

663 3623 749 3686 cuj
757 3638 813 3672 us
837 3624 913 3673 rei
935 3624 1176 3686 exempla
1191 3629 1540 3672 memorantur
1559 3638 1590 3671 s
1608 3623 1719 3672 Cic·

665 3711 705 3749 ι.
729 3699 780 3746 ὶιι
800 3699 1026 3747 vernn.
1052 3703 1164 3748 104.
1200 3706 1256 3748 et
1295 3712 1347 3747 n.
1383 3701 1494 3746 110.
1559 3699 1717 3748 Oete·

665 3785 779 3822 rum
819 3787 997 3823 vocem
1033 3787 1198 3823 censu
1233 3775 1288 3824 in
1331 3773 1447 3837 lege
1482 3775 1719 3824 voconia

667 3849 820 3898 aliter
872 3851 1113 3912 exposuit
1154 3849 1278 3899 Asc.
1335 3849 1613 3900 Pedianus
1667 3850 1719 3898 in

668 3925 812 3974 Nota
835 3925 900 3972 ad
921 3940 976 3974 n.
1001 3929 1114 3975 10⁴.
1135 3939 1173 3975 ι.
1195 3927 1248 3974 in
1265 3927 1512 3978 Verrem:
1533 3927 1552 3955 ‘
1567 3927 1721 3976 More

668 4007 904 4050 veterum
915 4001 1056 4050 censi
1069 3999 1602 4066 dicebantnrlinqult,
1615 4001 1721 4065 ‘qui

669 4085 876 4127 eentum
923 4077 1085 4126 millis
1125 4075 1481 4142 (sestertium)
1522 4075 1719 4141 profes·

669 4152 815 4202 sione
836 4151 1175 4203 detulissent-⁹
1227 4152 1333 4202 Sed
1355 4153 1490 4203 iisne
1511 4156 1620 4218 ejus
1643 4155 1719 4202 in·

671 4227 1099 4290 terpretationem
1136 4228 1328 4278 evertit
1363 4228 1516 4292 plsne
1551 4236 1608 4279 et
1642 4229 1719 4278 in-

1794 3172 2089 3221 sestertium
2112 3173 2435 3234 possideret:
2474 3175 2626 3237 niter,
2664 3191 2728 3224 ne
2752 3177 2847 3226 ulii

1795 3247 2005 3309 virginl‚
2038 3249 2119 3298 vel
2152 3249 2354 3299 mulieri
2385 3249 2565 3299 liceret
2589 3251 2703 3314 plus
2724 3265 2850 3301 een·

1796 3326 1903 3370 tum
1960 3321 2183 3372 millibus
2226 3326 2528 3374 sestertium
2568 3339 2636 3374 ex
2676 3326 2852 3389 enjus·

1794 3411 1945 3459 quein
1982 3395 2293 3448 hereditate
2330 3399 2624 3462 percipere.
2700 3401 2851 3452 Prio-

1798 3485 1903 3520 rem
1927 3485 2128 3522 sensum
2150 3486 2229 3522 sm
2240 3473 2421 3536 plexus
2454 3483 2535 3526 est
2556 3477 2851 3529 Gronovius

1798 3559 1885 3596 ιιι.
1910 3546 1975 3597 de
1998 3547 2129 3598 Pec.
2161 3549 2289 3598 Ver.
2326 3564 2374 3600 e.
2407 3555 2489 3600 lo.
2557 3553 2853 3618 Utrumque

1796 3622 2027 3672 admittit
2068 3623 2390 3676 Perizonius.
2472 3628 2583 3678 Nos
2620 3631 2745 3679 item
2780 3631 2851 3680 sd

1798 3707 2073 3766 utrumqne
2096 3711 2317 3752 nostram
2336 3704 2643 3755 Graecnrnm
2664 3707 2856 3758 Dionis

1801 3788 1981 3824 vocum
2024 3777 2510 3840 interpretationem
2566 3795 2855 3832 accommo-

1799 3848 1925 3899 dare
1946 3852 2121 3900 consti
2148 3865 2339 3903 sumus.
2406 3855 2568 3904 Certe
2598 3857 2716 3918 lege
2746 3857 2854 3908 Vo-

1800 3925 1951 3974 eonis
1988 3924 2254 3976 definitum
2306 3941 2443 3990 esse,
2498 3929 2621 3992 quid
2676 3938 2857 3994 posset

1800 4007 2113 4050 testamento
2126 4000 2347 4065 relinqui
2362 4003 2659 4054 mulieribus
2674 4007 2739 4056 sb
2750 4008 2855 4058 lin·

1800 4078 2029 4129 reditste
2062 4079 2303 4136 exclusis,
2341 4089 2545 4130 constat
2568 4097 2633 4132 ex
2662 4085 2852 4136 cleas.

1800 4153 1869 4205 de
1892 4155 2006 4204 Fin.
2032 4169 2085 4206 n.
2112 4160 2193 4204 65.
2258 4155 2323 4204 m
2360 4165 2530 4206 antem
2572 4157 2735 4209 fuisse
2763 4173 2853 4208 ex·

1784 4231 1997 4318 ‘istimst
2033 4231 2333 4282 Perizonius
2367 4239 2579 4284 centum
2618 4235 2713 4285 ills
2748 4247 2855 4286 ses-
