3177 4950
614 352 787 419 3624
1540 368 1611 417 τ.
1659 368 1852 417 mvu

615 515 765 578 dem
807 515 1103 592 ternpore
1132 526 1221 573 ex
1248 506 1485 575 Africa
1512 516 1583 575 et
1611 509 1937 587 Gulussa,
1966 510 2353 577 Masinissae
2381 513 2556 595 regis
2583 514 2792 595 filius,

612 616 871 697 legatus
900 610 1133 694 patris,
1156 617 1225 675 et
1254 610 1840 693 Carthaginienses
1871 620 2212 677 venerunt.
2285 612 2580 677 Gulussa
2610 617 2796 699 prior

612 716 683 779 in
714 718 1010 781 senatum
1038 711 1482 789 introductus,
1504 720 1597 790 et,
1621 732 1774 795 quae
1803 712 2016 778 missa
2043 720 2233 780 erant
2255 713 2342 778 ad
2365 714 2606 779 bellum
2635 715 2802 780 lun-

614 815 1002 879 cedonicnm
1048 833 1093 878 a
1131 818 1321 896 patre
1365 834 1513 889 suo,
1540 816 1874 897 exposuit,
1903 822 1988 892 et,
2015 817 2076 879 si
2117 833 2250 897 qua
2295 823 2612 897 praeterea
2657 820 2798 882 vel-

610 916 749 981 lent
790 918 1139 997 imperare,
1174 920 1642 995 praestaturum
1673 916 1906 979 merito
1935 916 2166 999 populi
2197 915 2488 981 Romani
2517 926 2622 981 est
2645 919 2796 1000 pol-

609 1018 869 1093 licitus;
926 1019 997 1078 et
1045 1014 1299 1081 monuit
1350 1014 1590 1079 Patres
1637 1018 2086 1098 conscriptoS,
2135 1022 2206 1081 ut
2255 1035 2298 1081 a
2345 1017 2580 1081 fraude
2628 1017 2796 1083 Car·

608 1115 1118 1199 thaginiensium
1182 1124 1535 1201 caverent}
1607 1120 1629 1151 ‘
1669 1116 1913 1181 classis
1975 1136 2098 1180 eos
2151 1134 2410 1199 maguae
2469 1122 2794 1201 parandae

613 1217 956 1283 consilium
1002 1215 1298 1298 cepisse3
1345 1216 1570 1299 specie
1617 1236 1742 1300 pro
1789 1214 2118 1282 Romanis
2165 1224 2237 1284 et
2277 1219 2600 1287 adversus
2641 1221 2792 1285 Ma·

613 1317 947 1381 cedonas:
994 1316 1107 1381 ubi
1148 1335 1233 1380 ea
1275 1323 1515 1398 parata
1560 1315 2020 1401 instructaque
2063 1326 2271 1396 esset,
2315 1320 2610 1402 ipsorum
2655 1322 2798 1387 fore

610 1416 993 1501 potestatis,
1022 1435 1221 1499 quem
1248 1416 1503 1481 hostem
1532 1421 1650 1481 aut
1676 1418 1935 1483 socium
1961 1419 2296 1485 habeant!

990 1520 1013 1594 [
1036 1518 1153 1593 (4.)
1198 1514 1345 1593 Egit
1366 1514 1584 1577 deinde
1613 1516 1941 1577 Masinissae
1965 1538 2202 1579 causam
2228 1518 2306 1579 de
2331 1540 2493 1598 agro,
2517 1520 2595 1581 de
2620 1525 2790 1603 oppi-

907 1610 1021 1679 dis,
1046 1630 1179 1689 quae
1220 1610 1421 1670 ablata
1460 1612 1575 1673 sibi
1617 1612 1694 1672 ab
1737 1632 1809 1671 eo
1855 1612 2372 1692 Carthaginienses
2395 1628 2796 1694 quererentur,

910 1724 1237 1787 magnaque
1274 1707 1649 1766 contentione
1675 1708 1827 1766 inter
1849 1708 2116 1786 regulum
2140 1719 2202 1770 et
2226 1710 2452 1788 legatos
2476 1711 2794 1791 Carthagi·

909 1800 1133 1861 aienses
1158 1799 1567 1881 disceptatum.
1651 1802 1808 1869 Quae
1851 1802 2004 1862 ultro
2047 1806 2310 1885 citroque
2329 1814 2354 1839 ¹¹
2381 1807 2618 1885 jactata
2651 1810 2796 1879 sint,

906 1895 1049 1972 quid
1090 1916 1128 1954 a
1165 1906 1369 1957 senatu
1411 1918 1744 1978 responsum
1787 1898 1980 1969 fuerit,
2017 1902 2076 1959 in
2113 1901 2334 1961 incerto
2359 1911 2464 1962 est.
2549 1902 2798 1969 Quievit

642 2014 855 2075 Appian.
905 1998 1101 2049 tamen
1128 1989 1290 2051 velut
1330 1994 1525 2072 sopita
1566 1994 1694 2053 haee
1737 1996 2130 2056 controversia
2177 2018 2279 2076 per
2323 1998 2548 2077 aliquot
2591 2020 2796 2061 annos.

610 2076 737 2125 Pun.
910 2082 1229 2145 Renovata
1256 2096 1473 2167 postea
1513 2088 1574 2147 in
1618 2108 1750 2147 acre
1790 2088 2012 2149 bellum
2051 2093 2289 2163 exarsit,
2317 2094 2476 2172 quod
2519 2094 2798 2157 adversus

914 2178 1283 2239 Masinissam
1311 2201 1348 2239 a
1374 2182 1577 2240 Poenis
1602 2194 1952 2264 susceptum,
1979 2206 2112 2245 cum
2155 2186 2448 2249 Romanis
2473 2192 2796 2267 gerendum

640 2282 771 2332 Plin.
796 2298 890 2333 vu.
911 2272 1043 2343 fuit,
1072 2294 1177 2335 nec
1212 2276 1319 2335 nisi
1348 2276 1723 2355 Carthaginis
1756 2279 1986 2339 interitu
2027 2280 2252 2341 finitum
2277 2292 2382 2342 est.
2467 2284 2612 2345 Hoc
2637 2307 2822 2347 anno.

610 2352 661 2397 ⁴·
906 2368 1229 2429 invenimus
1279 2371 1339 2430 in
1390 2372 1703 2431 annalibus
1746 2394 1987 2452 puerum
2038 2375 2260 2436 factum
2300 2398 2377 2437 ex
2423 2380 2642 2459 virgine
2683 2384 2798 2441 sub

905 2464 1265 2543 parentibus,
1282 2469 1569 2546 jussuque
1615 2467 1984 2549 haruspicum
2023 2470 2390 2552 deportatum
2434 2478 2494 2536 in
2539 2478 2790 2538 insulam

907 2558 1221 2619 desertam.

608 2670 905 2734 PantiCapit.
990 2657 1107 2731 (5.)
1153 2653 1389 2716 Habita
1425 2664 1563 2718 sunt
1603 2677 1642 2718 a
1679 2657 1754 2718 C.
1787 2659 1994 2720 Cassio
2031 2665 2270 2725 consule
2295 2667 2556 2740 comitia,
2581 2671 2798 2748 quibus

906 2747 1087 2806 creati
1126 2749 1393 2810 consules
1432 2759 1567 2810 sunt
1606 2751 1692 2812 A.
1739 2752 2037 2816 Hostilius
2081 2759 2418 2833 Mancinus,
2455 2763 2542 2824 A.
2567 2764 2799 2824 Atilius

634 2861 731 2913 Inf.
754 2840 1233 2931 mppSen-anuss
1315 2845 1612 2906 Praetoms
1647 2847 1784 2907 inde
1821 2849 1962 2909 facti
2011 2852 2104 2912 M.
2134 2853 2372 2925 Retius,
2401 2858 2486 2924 Q.
2514 2859 2792 2932 Maenius,

608 2933 661 2980 ⁴·
684 2939 733 2978 ²²
756 2935 835 2979 ¹¹·
910 2937 979 2996 L.
1022 2939 1395 3011 Hortensius,
1438 2943 1521 3006 Q.
1548 2942 1740 3002 AElius
1779 2943 2008 3016 Paetus,
2047 2947 2120 3006 T.
2151 2948 2414 3010 Manlius
2435 2951 2792 3034 Torquatus,

910 3031 985 3092 C.
1014 3031 1365 3095 Hostilius!
1444 3035 1724 3096 Decretae
1747 3040 2083 3102 consulibus
2127 3047 2466 3124 provinciae,
2507 3047 2693 3108 Italia
2731 3063 2796 3110 et

594 3261 775 3324 suisne]
830 3261 879 3310 A
919 3276 1019 3327 quo
1062 3270 1119 3314 et
1155 3266 1363 3330 quando
1400 3266 1664 3320 Carteiam
1805 3281 1832 3308 ¹²
1868 3275 1987 3332 Quoe
2028 3279 2154 3328 ultro
2194 3278 2426 3346 citroque]
2494 3282 2662 3334 Multa
2705 3285 2788 3336 hic

606 3337 833 3387 deducta
855 3335 1016 3388 fuerit
1050 3346 1172 3389 ante
1208 3339 1305 3390 hoc
1348 3351 1553 3406 tempus
1579 3359 1666 3394 eo·
1743 3349 2023 3416 Doujatius
2046 3353 2098 3402 in
2127 3369 2219 3404 suo
2253 3359 2616 3420 supplemento
2635 3361 2790 3412 hahet

604 3411 761 3473 ionia,
796 3412 981 3462 nullibi
1017 3415 1151 3479 quod
1190 3417 1351 3468 sciam
1385 3418 1661 3483 reperitur.
1741 3425 1808 3475 de
1832 3427 2354 3496 Carthaginiensibus,
2389 3433 2457 3487 de
2499 3436 2788 3488 Maniai-n.

608 3486 763 3536 Nunc
806 3487 984 3553 itaque
1028 3492 1250 3553 primum
1294 3492 1485 3544 factam
1525 3496 1660 3546 colo·
1741 3499 1848 3550 Sed
1876 3515 1938 3550 ea
1959 3504 2147 3566 partim
2172 3519 2201 3554 e
2224 3521 2317 3559 suo
2339 3510 2580 3572 protulit,
2601 3513 2790 3576 partim

604 3561 743 3609 niam
768 3562 1005 3612 Latinam
1024 3567 1133 3614 vult
1152 3567 1318 3617 Gron.
1341 3582 1403 3617 eo
1420 3569 1661 3620 deductis
1740 3589 1806 3625 ex
1831 3575 2070 3641 Appiano
2096 3582 2300 3645 quidem
2339 3583 2592 3651 desumta,
2610 3602 2790 3640 veruna

602 3635 687 3683 his
738 3645 959 3700 quatuor
1010 3641 1235 3690 millibus
1280 3643 1658 3707 Hispanorumz
1740 3651 1805 3700 sd
1828 3653 1967 3703 aliud
1995 3663 2196 3719 tempus
2231 3661 2566 3721 pertinentia,
2583 3663 2684 3715 hnc
2723 3666 2790 3714 ni-

605 3709 743 3759 unde
766 3711 914 3774 legit,
935 3713 1160 3763 Latinam
1180 3719 1523 3768 eamcoloniam
1543 3735 1658 3786 ense,
1738 3741 1805 3778 ne
1860 3743 2018 3779 causa
2062 3733 2270 3782 videtur
2295 3769 2309 3801 ‚¹
2323 3737 2586 3788 retulisse.
2655 3739 2787 3790 Hae

606 3785 754 3847 quasi
778 3785 833 3834 id
856 3792 979 3836 tunc
996 3785 1266 3838 decretum
1287 3801 1426 3842 esset
1447 3809 1476 3843 a
1510 3809 1658 3844 sens·
1739 3804 1910 3852 omnia
1923 3805 2156 3858 recidere
2172 3811 2518 3862 necessarium
2533 3813 2790 3866 duximus.

607 3865 681 3907 tu.
748 3858 978 3909 obstare
1026 3867 1199 3911 tamen
1259 3866 1465 3917 videtur
1520 3871 1658 3934 quod
1743 3878 1881 3928 Creo.

605 3946 763 3995 supra
778 3931 993 3996 dicitur,
1010 3935 1029 3962 ⁸
1046 3949 1329 4004 eorumque
1347 3943 1534 4007 siquos
1553 3961 1659 3997 ma·
1805 3963 1829 4008 ψ
1867 3953 1930 4004 Α.
1955 3955 2024 4005 U.
2049 3957 2108 4008 C.
2131 3963 2242 4012 583.

608 4008 900 4060 immisisset
920 4009 963 4057 ε’
996 4025 1063 4060 ex
1084 4013 1271 4077 quibus
1296 4019 1465 4068 verbis
1487 4023 1660 4086 colligi
1803 4033 1830 4067 Ρ
1865 4029 1927 4084 Q.
1962 4033 2123 4082 AEla’ue
2145 4035 2330 4093 Poetm,
2357 4037 2414 4086 Τ.
2435 4037 2650 4091 Manlia
2675 4041 2790 4090 Tor·

606 4093 800 4148 potest,
820 4089 914 4138 hos
946 4090 1193 4156 hominen,
1229 4108 1325 4145 nec
1346 4109 1537 4159 omnen,
1562 4113 1660 4150 nee
1738 4109 1926 4166 quattu,
1949 4107 2006 4153 C.
2025 4107 2287 4174 Hostilius]
2321 4111 2432 4162 Hos
2454 4125 2708 4177 pretores
2728 4132 2792 4166 ex

604 4163 791 4225 majori
814 4178 880 4213 ex
904 4173 1052 4229 parte
1077 4167 1342 4222 Carteiam
1365 4171 1558 4224 missos.
1741 4179 2045 4242 conjectura
2097 4195 2192 4247 pro
2245 4199 2387 4237 more
2427 4202 2532 4264 'sno
2578 4191 2790 4257 supplet
