3177 4950
586 414 764 481 3476
1565 428 1635 474 τ.
1684 426 1873 475 mvn

589 573 904 649 vinciam,
936 570 1098 634 dum
1135 567 1370 634 consul
1413 566 1568 631 inde
1603 567 1903 644 abesset,
1946 570 2319 646 tutaretur3
2366 563 2467 629 M.
2492 565 2783 633 Titinius

589 682 838 758 praetor
865 672 1192 753 legionem
1235 670 1544 753 primam,
1574 688 1807 751 parem
1847 686 2191 733 numerum
2218 668 2555 733 sociorum
2598 671 2787 752 pedi-

593 782 732 839 tum
763 772 1226 856 equitumque,
1253 769 1627 835 Ariminum
1670 770 2029 834 convenire
2063 767 2359 851 juberet.
2448 768 2635 833 Nero
2662 790 2789 854 pa·-

592 876 868 940 ludatus
921 873 1124 937 Pisas
1171 873 1239 935 in
1287 870 1703 953 provinciam
1752 876 1854 933 est
1897 868 2257 952 profectus.
2342 870 2662 950 Titinius,
2704 871 2788 936 C.

597 976 840 1041 Cassio
893 974 1158 1038 tribuno
1207 971 1494 1035 militum
1549 969 1949 1047 Ariminum,
1996 971 2115 1052 qui
2148 979 2482 1053 praeesset
2521 972 2791 1053 legioni,

595 1078 828 1153 misso,
859 1074 1186 1140 delectum
1235 1072 1476 1137 Romae
1501 1073 1757 1136 habuit.
1846 1071 1947 1135 M.
1976 1070 2220 1136 Iunius
2268 1072 2527 1149 consul,
2556 1091 2643 1135 ex
2673 1072 2789 1136 Li·

594 1178 868 1259 guribus
897 1177 966 1240 in
1005 1174 1416 1259 provinciam
1461 1171 1760 1236 Galliam
1804 1176 2275 1252 transgressus,
2320 1172 2593 1237 auxiliis
2636 1192 2787 1255 pro-

595 1288 794 1343 tenus
826 1298 945 1361 per
977 1278 1294 1342 civitates
1323 1274 1572 1339 Galliae
1620 1274 2083 1355 militibusque
2122 1273 2385 1339 colonis
2408 1280 2460 1321 ¹⁷
2504 1274 2787 1356 impera-

593 1380 734 1456 tis,‘¹
793 1378 1176 1463 Aquileiam
1231 1378 1565 1459 pervenit.
1656 1376 1763 1439 Ibi
1822 1376 2061 1439 certior
2120 1376 2357 1449 sactus,
2421 1376 2787 1441 exercitum

594 1480 998 1545 ineolumem
1031 1498 1206 1557 esse,
1237 1477 1508 1560 scriptis
1531 1478 1735 1541 literis
1760 1476 2073 1555 Romam,
2099 1495 2183 1539 ne
2212 1476 2787 1552 tumultuarentur,

596 1583 767 1664 ipse,
815 1576 1110 1645 remissis
1142 1580 1442 1655 auxiliis,
1469 1598 1623 1662 quae
1672 1577 1897 1643 Gallis
1932 1578 2403 1660 imperaverat,
2450 1579 2539 1643 ad
2586 1578 2793 1643 colle·

597 1703 748 1764 garn
799 1686 904 1745 est
951 1680 1314 1764 profectus.
1405 1680 1653 1745 Romae
1697 1698 1941 1762 magna
1980 1699 2067 1743 ex
2110 1679 2509 1761 necopinato
2554 1678 2793 1743 laetitia

590 1784 757 1847 fuit:
827 1782 1125 1847 delectus
1177 1783 1468 1848 omissus
1513 1788 1653 1846 est:
1716 1781 2159 1857 exauctorati,
2210 1782 2325 1862 qui
2372 1788 2792 1845 sacramento

595 1886 950 1965 dixerant,
931 1904 948 1921 ·
1015 1892 1088 1949 et
1133 1886 1493 1961 exercitae,
1545 1883 1661 1965 qui
1723 1880 2017 1946 Arimini
2074 1881 2463 1965 pestilentia
2510 1880 2791 1951 affectus

599 1994 768 2065 erat,
811 1987 1080 2051 domum
1125 1985 1466 2050 dimissus.
1543 1983 1765 2061 -Istri,
1818 1984 2077 2064 magnis
2120 1983 2341 2065 copiis
2378 2002 2531 2047 eum
2574 1989 2793 2049 castra

597 2088 778 2152 haud
823 2088 1060 2170 procul
1103 2086 1408 2151 consulis
1449 2087 1691 2151 castris
1732 2086 2082 2159 haberent,
2114 2092 2467 2168 postquam
2511 2085 2795 2149 alterum

603 2188 948 2255 consulem
979 2208 1133 2253 cum
1167 2189 1468 2253 exercitu
1509 2206 1683 2252 novo
1729 2164 2087 2251 advenisse
2134 2186 2494 2260 audieruut,
2536 2187 2795 2269 passim

602 2290 672 2353 in
703 2288 1010 2353 civitates
1059 2288 1310 2371 dilapsi
1355 2296 1546 2355 sunt:
1595 2287 1909 2354 consules
1952 2285 2344 2370 Aquileiam
2384 2287 2454 2351 in
2494 2288 2795 2369 hyberna

603 2390 906 2558 leg6i-ones
939 2390 1368 2455 reduxerunt.

685 2493 970 2580 6.(11.)
1001 2495 1254 2561 Sedato
1287 2491 1551 2558 tandem
1587 2491 1835 2556 Istrico
1864 2493 2186 2571 tumultu,
2218 2499 2501 2556 senatus
2530 2426 2795 2556 eonsul-

605 2603 742 2660 tnm
773 2594 1022 2660 factum
1055 2602 1182 2671 est,
1225 2600 1298 2658 ut
1337 2593 1646 2657 consules
1690 2595 1853 2657 inter
1892 2611 1971 2656 se
1997 2599 2484 2676 compararent,
2512 2601 2659 2657 uter
2682 2613 2798 2657 eo-

604 2715 749 2760 rum
779 2693 866 2757 ad
899 2695 1174 2759 comitia
1213 2692 1524 2760 habenda
1557 2691 1847 2756 Romam
1891 2695 2147 2758 rediret.
2237 2693 2409 2758 Cum
2458 2695 2795 2758 absentem

609 2795 942 2882 Manlium
969 2796 1212 2860 tribuni
1238 2793 1482 2878 plebis,
1507 2791 1643 2857 ΑΒ*
1678 2793 1983 2859 Licinius
2013 2794 2244 2860 Nerva
2272 2802 2341 2860 et
2368 2795 2446 2860 C.
2477 2796 2797 2879 Papirius

608 2897 904 2976 TurduS,
935 2898 1003 2962 in
1031 2897 1474 2963 concionibus
1503 2895 1896 2971 lacerarent,
1924 2897 2473 2978 rogationemque
2504 2897 2797 2978 promul·

604 3008 857 3082 gar-ent,
885 3019 966 3064 ne
991 2999 1294 3066 Manlius
1315 3008 1476 3082 post
1501 2997 1667 3062 Idus
1690 2995 1977 3062 Martias
1996 2996 2399 3080 (prorogatae
2429 3005 2483 3048 ¹⁹
2511 3015 2799 3082 namque

605 3101 995 3165 consulibus
1025 3099 1170 3183 jam
1207 3101 1276 3164 in
1313 3119 1556 3164 annum
1598 3099 1963 3181 provinciae
2002 3097 2229 3179 erant)
2254 3099 2601 3184 imperium
2647 3100 2801 3165 reti·

603 3207 810 3276 neret,
841 3201 936 3264 uti
965 3219 1240 3264 causam
1269 3200 1612 3283 extemplo
1636 3200 1879 3276 dicere,
1900 3219 2055 3264 cum
2084 3201 2347 3266 abisset
2378 3203 2799 3285 magistratu,

605 3308 884 3384 posset3
929 3301 1081 3366 huic
1125 3303 1456 3383 rogationi
1497 3301 1591 3380 Q.
1622 3302 1847 3366 AElius
1892 3303 2154 3384 collega
2190 3305 2586 3382 intercessit,
2614 3323 2799 3388 mag-

609 3403 852 3488 nisque
911 3405 1456 3468 contentionibus
1508 3403 1819 3481 obtinuit,
1870 3423 1956 3468 ne
2002 3405 2411 3488 perferretur.
2504 3406 2633 3470 Per
2678 3427 2801 3472 eos

607 3504 754 3568 dies
783 3505 892 3568 Ti.
921 3505 1351 3588 Sempronius
1381 3504 1727 3569 Gracchus
1754 3512 1821 3568 et
1849 3503 1928 3568 L.
1960 3505 2356 3571 Postumius
2390 3507 2679 3572 Albinus
2706 3527 2797 3572 ex

606 3603 950 3687 Hispania
983 3603 1272 3668 Romam
1306 3605 1460 3670 cum
1490 3605 1944 3685 revertissent,
1986 3617 2262 3673 senatus
2291 3609 2377 3674 iis
2424 3629 2467 3674 a
2500 3607 2596 3674 Μ.
2624 3607 2798 3675 Titi-

1556 3768 1613 3791 00
1618 3767 1673 3790 00
1678 3769 1819 3790 ‘m‘
1826 3769 1883 3791 00

603 3885 858 3938 Neutrum
887 3883 1061 3945 placet
1085 3885 1376 3936 Oeen—17
1415 3888 1626 3939 Coloaiis
1646 3888 1793 3938 malit
1816 3887 2027 3951 Doujat.
2052 3885 2199 3948 preb.
2224 3887 2387 3936 Drak-

668 3954 731 4000 18
754 3951 769 3978 ‘
793 3949 1099 3998 Praenomen
1120 3964 1151 3998 a
1169 3951 1345 4013 Sigon.
1377 3951 1629 4004 additum.
1674 3954 1833 4004 Forte
1858 3955 1957 4016 leg.
1986 3951 2063 4000 C.’
2086 3951 2379 4001 nuh—19
2402 3951 2549 4017 Conj.
2572 3954 2798 4019 Rupert.

1596 4091 1813 4142 No'rAE

665 4193 688 4226 «ι
705 4185 1034 4248 militibusque
1045 4187 1220 4236 colonia
1233 4187 1498 4251 imperatio]
1517 4187 1657 4238 Num
1738 4186 1859 4238 liam
1883 4187 2197 4250 Cisalpinam
2220 4189 2437 4242 colonio
2460 4192 2651 4244 milites
2672 4193 2803 4246 dare

603 4263 776 4326 potius
809 4261 1017 4322 coloniis,
1053 4269 1108 4311 ut
1143 4263 1390 4313 Romame
1415 4279 1508 4326 per
1532 4264 1657 4313 Gal·
1730 4262 1894 4326 Jeme
1914 4264 2068 4314 sunt?
