3177 4950
594 386 771 455 3632
1528 400 1599 451 r.
1647 400 1842 451 mvn

596 556 764 626 tum,
790 546 855 611 si
885 564 1112 611 coram
1142 562 1293 609 eum
1322 562 1604 626 arguere
1633 544 1890 621 vellent,
1919 540 2186 626 cognita
2219 560 2292 607 re
2336 548 2644 617 senatum
2673 542 2800 608 da*

594 657 811 715 turum
842 666 1144 733 operam,
1186 647 1292 711 uti
1336 646 1505 711 satis
1548 644 1710 712 fiat?
1797 644 1867 711 N
1871 666 1950 713 ec
1993 644 2382 728 responderi
2405 650 2675 709 tantum
2705 645 2798 709 iis

596 751 921 833 gentibus,
951 748 1073 814 sed
1098 751 1363 833 legatos
1392 748 1590 827 mitti,
1629 747 1806 815 dnos
1853 749 1942 815 ad
1983 747 2280 831 regulum
2327 753 2510 811 trans
2543 745 2798 829 Alpes,

596 854 733 916 ires
761 838 941 917 circa
979 870 1101 915 eos
1129 850 1421 934 populos
1452 849 1738 933 placuit,
1767 850 1886 933 qui
1911 849 2305 925 indicarent,
2335 866 2490 931 quae
2516 846 2798 913 Patrum

596 951 931 1017 sententia
974 958 1177 1015 esset.
1266 950 1553 1016 Munera
1607 951 1785 1015 mitti
1829 952 2072 1034 legatis
2125 969 2212 1015 ex
2258 950 2438 1014 binis
2491 948 2798 1012 millibus

596 1055 751 1119 aeris
768 1050 797 1090 ‘¹
842 1060 1284 1133 censuerunt3
1328 1052 1598 1117 duobus
1629 1050 1940 1118 fratribus
1967 1052 2211 1135 regulis
2237 1050 2386 1115 haec
2413 1051 2796 1133 praecipua,

596 1166 866 1239 torques
895 1153 1029 1218 duo
1052 1173 1141 1218 ex
1163 1154 1461 1238 quinque
1482 1144 1718 1238 pondo‘
1739 1152 1883 1218 auri
1903 1161 1928 1189 ⁸
1957 1153 2146 1231 sacti,
2177 1158 2250 1217 et
2273 1170 2448 1217 vasa
2473 1160 2798 1233 argentea

596 1257 888 1341 quinque
916 1274 1009 1320 ex
1046 1255 1279 1337 viginti
1310 1250 1590 1337 pondo,f
1627 1260 1694 1319 et
1721 1253 1860 1319 duo
1889 1255 2048 1338 equi
2078 1253 2408 1337 phalerati
2437 1272 2592 1317 cum
2633 1272 2794 1335 aga-

596 1358 897 1435 sonibus,
926 1364 990 1421 et
1016 1356 1351 1441 equestria
1380 1374 1567 1420 arma
1609 1374 1692 1421 ac
1731 1356 2015 1437 sagula;
2061 1362 2127 1419 et
2170 1355 2532 1421 comitibus
2559 1374 2796 1419 eorum

594 1460 983 1525 vestimenta
1008 1458 1244 1523 liberis
1292 1456 1666 1540 servisque.
1755 1454 1934 1521 Haec
1969 1456 2213 1521 missa:
2257 1456 2382 1520 illa
2408 1457 2796 1539 petentibus

592 1561 779 1641 data,
810 1568 887 1625 ut
916 1561 1235 1639 denorum
1262 1576 1583 1643 equorum
1611 1558 1700 1623 iis
1731 1560 2206 1623 commercium
2247 1566 2456 1634 esset,
2503 1557 2798 1621 educen-

592 1664 795 1746 dique
824 1682 916 1728 ex
945 1662 1145 1727 Italia
1190 1669 1493 1746 potestas
1540 1662 1751 1727 fieret.
1839 1662 2086 1744 Legati
2133 1678 2290 1725 cum
2327 1658 2552 1724 Gallis
2597 1659 2796 1724 missi

591 1771 775 1831 trans
821 1764 1033 1849 Alpes
1076 1764 1155 1829 C.
1186 1764 1460 1841 Laelius,
1504 1764 1607 1830 Μ.
1637 1762 1954 1829 AEmilius
1997 1761 2344 1845 Lepidus3
2401 1761 2492 1839 ad
2535 1766 2798 1826 ceteros

592 1868 889 1951 populos
919 1868 999 1933 G.
1030 1866 1349 1945 Sicinius,
1382 1867 1463 1932 P.
1496 1865 1847 1931 Cornelius
1879 1864 2136 1936 Blasio,
2164 1863 2246 1928 Τ.
2280 1862 2664 1928 Memmius.

676 1970 744 2034 6.
788 1964 969 2053 (11.)
1008 1966 1375 2033 Multarum
1398 1967 1598 2031 simul
1627 1965 1918 2032 Graeciae
1949 1964 2275 2048 Asiaeque
2304 1964 2672 2029 civitatium
2695 1965 2794 2028 le·

593 2070 736 2151 gati
754 2068 1041 2135 Romam
1070 2074 1539 2134 convenerunt.
1582 2069 1796 2132 Primi
1825 2066 2268 2133 Athenienses
2295 2065 2690 2132 introducti:
2715 2068 2794 2147 ii,

592 2176 613 2205 ⁶
645 2190 745 2247 se,
776 2167 959 2253 quod
988 2168 1258 2257 navium
1284 2168 1632 2234 habuerint
1651 2169 2096 2253 militumque,
2131 2168 2210 2233 Ρ.
2233 2167 2500 2233 Licinio
2527 2168 2794 2233 consuli

590 2278 659 2337 et
686 2270 769 2335 G.
802 2270 1121 2335 Lucretio
1150 2269 1423 2353 praetori
1466 2269 1736 2334 misisse
1759 2269 1777 2295 ’
1817 2275 2298 2353 exposuerunt,
2343 2274 2366 2325 .‘
2397 2270 2638 2351 quibus
2663 2288 2794 2334 eos

576 2392 727 2465 'non
778 2390 946 2437 usos
990 2370 1297 2435 frumenti
1342 2369 1475 2433 sibi
1524 2378 1794 2438 centum
1842 2370 2058 2435 millia
2103 2371 2514 2455 imperasse:
2583 2370 2792 2454 quod,

593 2492 967 2559 quanquam
1002 2473 1289 2538 sterilem
1336 2477 1570 2537 terram
1617 2480 1826 2548 arent,
1873 2474 2200 2557 ipsosque
2243 2472 2450 2539 etiam
2491 2480 2792 2557 agrestes

590 2575 937 2659 peregrino
964 2573 1299 2638 frumento
1330 2573 1606 2654 alerent,
1637 2578 1884 2651 tamen,
1909 2594 1991 2662 ne
2017 2574 2338 2641 deessent
2357 2573 2598 2650 officio,
2627 2591 2793 2640 con·

588 2677 873 2755 fecisse3
918 2683 989 2738 et
1016 2675 1178 2753 alia,
1212 2694 1365 2756 quae
1398 2675 1896 2758 imperarentur,
1927 2684 2256 2759 praestare
2287 2684 2566 2759 paratos
2593 2677 2793 2742 esse-⁰

592 2776 877 2855 Milesii,
908 2775 1069 2840 nibil
1096 2776 1499 2858 praestitisse
1536 2784 2003 2856 memorantes,
2043 2779 2104 2842 si
2145 2777 2312 2860 quid
2345 2779 2672 2862 imperare
2699 2777 2786 2843 ad

588 2877 838 2962 bellum
890 2886 1167 2944 senatus
1218 2878 1441 2957 vellet,
1493 2883 1814 2960 praestare
1859 2897 1936 2942 se
1979 2886 2253 2962 paratos
2291 2898 2469 2956 esse,
2509 2880 2790 2963 polliciti

590 2986 761 3058 sunt.
822 2977 1333 3045 Alabandenses
1362 2979 1688 3062 templum
1721 2979 1926 3046 Urbis
1955 2978 2194 3048 Romae
2225 2999 2303 3046 se
2332 2981 2575 3048 secisse
2605 3002 2788 3049 com·

590 3081 1146 3158 memoraverunt,
1170 3081 1507 3164 ludosque
1538 3081 2034 3146 anniversarios
2055 3081 2350 3147 ei·Divoe
2375 3083 2742 3147 instituisse
2763 3103 2784 3162 ;

591 3187 660 3246 et
681 3201 997 3246 coronam
1028 3201 1293 3246 auream
1313 3183 1800 3266 quinquaginta
1819 3181 2096 3268 pondo,⁸
2123 3203 2329 3268 quam
2351 3183 2420 3248 in
2439 3184 2786 3268 Capitolio

589 3289 941 3365 ponerent,
974 3283 1222 3347 donum
1266 3282 1427 3347 Jovi
1472 3286 1736 3368 optimo
1777 3285 2097 3362 maximo,
2137 3285 2465 3363 attulisse,
2497 3296 2566 3350 et
2593 3291 2784 3351 scuta

592 3384 925 3469 equestria
956 3391 1289 3466 trecenta;
1332 3403 1434 3461 ea,
1474 3385 1583 3450 cui
1619 3385 2002 3469 jussissent,
2043 3385 2433 3454 tradituros.
2522 3388 2782 3452 Donum

1587 3599 1803 3665 norm

606 3729 613 3738 ·
654 3709 679 3744 ¹¹
702 3711 787 3762 Ex
806 3709 929 3760 binis
942 3711 1153 3762 millibus
1170 3709 1309 3774 eris]
1340 3710 1455 3762 Nisi
1478 3711 1652 3777 pondo
1731 3714 2012 3778 torquium,
2033 3715 2078 3764 si
2100 3715 2368 3767 materiam
2389 3717 2550 3767 solam
2566 3725 2790 3782 spectes,

590 3787 702 3839 sive
726 3787 885 3836 libras
910 3787 1277 3854 intelligamus,
1299 3789 1479 3840 viliora
1497 3803 1650 3856 quam
1733 3791 1956 3850 pretium
1991 3793 2141 3840 28⁰0.
2177 3791 2338 3841 libras
2377 3792 2650 3842 Francicas
2685 3806 2784 3842 nou

590 3877 687 3930 par
723 3861 795 3912 sit
834 3877 1046 3914 munera
1083 3864 1428 3914 invenientur.
1508 3866 1647 3918 Quid
1730 3865 1971 3913 excedet.

587 3941 727 3994 euim
763 3937 1042 3990 conficient
1080 3941 1158 3990 bis
1192 3940 1333 3990 mille
1368 3953 1509 3991 asses
1546 3943 1651 3991 Ro·
1735 3965 1742 3974 ·
1795 3933 1814 3972 ¹
1841 3939 1924 3988 Ex
1945 3939 2126 4001 viginti
2143 3941 2323 4005 pondo]
2365 3940 2667 4003 Respondet
2685 3941 2786 3991 boe

590 4017 730 4068 mani
755 4017 851 4068 boc
870 4021 1101 4079 tempore
1116 4013 1183 4063 ad
1202 4017 1515 4066 semunciam
1533 4017 1650 4068 eris
1729 4023 2000 4078 argentum
2020 4019 2140 4067 720.
2163 4016 2311 4065 libris
2331 4016 2538 4066 nostris.

588 4093 831 4144 redacti?
862 4091 965 4140 Vix
986 4093 1070 4141 87.
1105 4089 1261 4142 libras
1284 4099 1542 4144 nostrates
1563 4106 1650 4143 su·
1737 4111 1744 4118 ·
1795 4099 1822 4135 t
1857 4093 2287 4140 Garama-wem
2307 4090 2652 4153 quinquagint-
2665 4106 2786 4156 pes·

594 4168 852 4232 perabunt
874 4165 1076 4215 assibus
1100 4167 1181 4216 10.
1724 4163 1812 4229 do]
1848 4167 2140 4218 AEstimstio
2162 4169 2279 4232 eJus
2303 4168 2418 4218 auri
2437 4168 2622 4218 reddet
2637 4169 2786 4220 uobis

656 4247 680 4276 e
713 4241 796 4291 Ex
828 4239 1032 4306 quinquo
1066 4243 1223 4306 pondo
1263 4241 1395 4306 «ιι-ι’]
1446 4239 1648 4296 nomm
1729 4251 1850 4296 octo
1869 4251 1928 4296 et
1951 4243 2134 4310 viginti
2154 4243 2402 4296 librarum
2423 4243 2606 4295 millis.
