3177 4950
1018 452 1161 501 ms.
1207 453 1421 502 κων.
1469 455 1634 504 om».
1673 439 1782 504 20.
2310 440 2483 506 3691

308 597 683 664 Antiochus
724 597 937 682 Syriae
964 617 1109 674 rex,
1139 599 1257 682 qui
1306 599 1513 663 obses
1544 597 1786 663 Romae
1814 600 2054 677 fuerat,
2091 620 2210 683 per
2252 601 2486 665 hones-

306 707 439 764 tam
470 701 761 784 speciem
812 698 1083 783 majoris
1116 699 1469 765 Ptolemaei
1515 701 1872 766 reducendi
1913 704 1980 766 in
2025 721 2316 783 reguum,
2347 703 2484 767 bel·
2516 735 2528 741 -

305 803 439 866 lum
470 821 621 866 cum
654 803 901 866 minore
928 801 1129 866 fratre
1158 801 1331 885 ejus,
1362 803 1481 888 qui
1504 809 1645 867 tum
1673 801 2158 868 Alexandriam
2187 807 2484 884 tenebat,

309 923 559 985 εει-ειη,
592 909 661 968 et
704 903 789 967 ad
822 903 1163 968 Pelusiam
1210 906 1439 970 navali
1472 907 1706 988 praelio
1753 907 1965 971 victor
1985 907 2217 984 fixerat,
2259 915 2348 985 et,
2379 915 2485 970 tu-

308 1004 657 1069 multuario
690 1024 893 1088 opere
922 1015 1125 1088 ponte
1154 1025 1271 1089 per
1304 1007 1539 1072 Nilum
1587 1007 1794 1083 facto,
1836 1015 2288 1091 transgressus
2332 1027 2483 1072 cum

306 1107 623 1186 exercitu,
654 1107 1009 1171 obsidione
1038 1107 1257 1190 ipsam
1286 1106 1768 1173 Alexandriam
1803 1109 2124 1188 terrebat3
2167 1128 2288 1174 nec
2335 1129 2486 1193 pro-

306 1208 413 1272 cul
445 1209 703 1286 abesse,
734 1209 899 1292 quin
930 1211 1252 1292 potiretur
1290 1229 1490 1292 regno
1540 1209 2077 1294 opulentissimo,
2111 1209 2484 1277 videbatur.

306 1310 401 1374 Ea
425 1311 628 1391 legati
660 1317 1014 1392 querentes
1040 1311 1329 1375 orabant
1358 1318 1686 1387 senatum,
1718 1318 1798 1375 ut
1834 1330 2031 1393 opem
2069 1331 2272 1396 regno
2317 1315 2484 1394 regi·

306 1413 569 1494 busque
618 1411 854 1476 amicis
892 1411 1173 1494 imperio
1195 1419 1218 1447 ·
1276 1411 1528 1476 ferrent.
1616 1417 1635 1450 ⁶
1657 1411 1760 1478 Ea
1785 1415 2019 1478 merita
2063 1415 2294 1497 populi
2349 1413 2488 1478 Ro-

306 1515 481 1578 mani
538 1513 607 1576 in
663 1512 1090 1589 Antiochum,
1158 1533 1307 1578 eam
1360 1514 1540 1598 apud
1596 1533 1830 1579 omues
1879 1533 2070 1598 reges
2129 1522 2486 1599 gentesque

307 1615 771 1679 auctoritatem
800 1633 977 1692 esse,
1031 1622 1126 1693 ut,
1166 1617 1226 1679 si
1269 1615 1519 1696 legatos
1568 1617 1937 1693 misissent,
1991 1618 2107 1700 qui
2151 1613 2488 1680 denuntia-

302 1723 473 1793 rent,
504 1736 635 1780 nou
666 1716 933 1799 placere
976 1718 1261 1794 senatui,
1294 1717 1506 1782 sociis
1560 1717 1830 1799 regibus
1861 1719 2112 1782 bellum
2159 1719 2326 1796 fieri,
2367 1733 2484 1782 ex·

304 1819 551 1900 templo
580 1818 1019 1882 abscessurus
1070 1836 1113 1882 a
1158 1817 1491 1882 moenibus
1540 1813 1999 1894 Alexandriae,
2053 1820 2486 1885 abducturus·

302 1939 431 2003 quc
458 1920 815 1983 exercitum
842 1921 911 1983 in
943 1918 1205 2001 Syriam
1236 1927 1439 1983 esset.
1503 1918 1706 1997 Quod
1737 1920 1800 1983 si
1822 1929 2216 1991 cunctentur
2241 1919 2488 1999 facere,

300 2021 485 2086 brevi
538 2028 833 2085 extorres
870 2039 1071 2102 regno
1120 2017 1554 2084 Ptolemaeum
1614 2025 1681 2084 et
1726 2019 2152 2103 Cleopatram
2200 2021 2486 2085 Romam

302 2131 642 2199 ventui-0⁵,
673 2141 824 2186 cum
866 2121 1123 2204 pudore
1166 2107 1459 2205 quodam
1493 2122 1734 2204 populi
1763 2121 2090 2198 Romani,
2115 2123 2296 2205 quod
2341 2123 2489 2186 nul-

296 2227 429 2291 lam
454 2244 654 2310 opem
686 2224 751 2288 in
779 2223 1017 2288 ultimo
1048 2222 1433 2288 discrimine
1462 2223 1876 2287 fortunarum
1907 2222 2262 2287 tulissent?
2306 2223 2486 2288 Moti

300 2329 539 2393 Patres
585 2326 903 2411 precibus
955 2324 1573 2402 Alexandrinorum,
1615 2325 1958 2408 extemplo
2009 2322 2086 2388 C.
2119 2324 2484 2408 Popillium

300 2432 643 2497 Laenatem
688 2432 791 2493 et'
846 2427 927 2493 C.
964 2428 1345 2493 Decimium
1391 2431 1459 2491 et
1505 2424 1583 2491 C.
1637 2424 2012 2491 Hostilium
2065 2424 2350 2507 legatos,
2395 2424 2482 2489 ad

296 2530 649 2596 finiendum
680 2530 857 2593 inter
884 2547 1077 2611 reges
1106 2526 1383 2604 bellum,
1414 2528 1758 2591 miserunt.
1824 2527 2022 2590 Prius
2053 2526 2484 2603 Antiochum,

296 2635 447 2699 dein
500 2632 933 2696 Ptolemoeum
986 2630 1173 2694 adire
1214 2630 1417 2714 jussi,
1472 2636 1545 2693 et
1611 2629 1940 2706 nuntiare,
2005 2628 2076 2692 ni
2125 2628 2487 2692 absistatur

297 2736 496 2813 bello,
531 2754 647 2817 per
673 2738 894 2797 utrum
918 2732 1237 2809 stetisset,
1256 2750 1407 2795 eum
1430 2750 1559 2795 uon
1590 2751 1716 2814 pro
1739 2730 1985 2806 amico,
2007 2749 2129 2793 nec
2151 2746 2271 2812 pro
2297 2728 2486 2793 socio

296 2837 645 2902 habituros
671 2853 841 2898 esse.
2084 2852 2092 2859 ·

382 2940 493 3003 20.
538 2936 677 3001 His
708 2937 881 3000 intra
934 2934 1221 3000 triduum
1272 2935 1467 2999 simul
1516 2955 1668 2999 cum
1715 2933 1966 3015 legatis
2007 2930 2485 2994 Alexandrinis

292 3039 637 3125 profectis,
655 3036 863 3119 legati
890 3056 983 3100 ex
1006 3035 1412 3100 Macedonia
1430 3033 1451 3071 f
1466 3034 2004 3119 Quinquatribus
2035 3032 2290 3096 ultimis
2313 3032 2484 3096 adeo

294 3141 639 3227 expectati
662 3146 1003 3214 venerunt,
1027 3138 1151 3214 uti,
1171 3138 1298 3201 nisi
1321 3156 1562 3221 vesper
1584 3144 1790 3212 esset,
1815 3134 2154 3217 extemplo
2179 3140 2482 3197 senatum

293 3242 603 3311 vocaturi
636 3241 951 3305 consules
980 3239 1247 3303 fuerint.
1338 3238 1614 3303 Postero
1666 3238 1775 3301 die
1821 3241 2083 3302 senatus
2127 3234 2275 3311 suit,
2303 3234 2485 3317 lega·
2585 3230 2591 3236 ⁴

296 3349 489 3437 tique
534 3343 745 3407 auditi
790 3347 963 3404 sunt.
1052 3340 1117 3405 Ii
1167 3340 1496 3417 nuntiant,
1546 3344 1567 3373 ⁶
1602 3338 1866 3421 Major-e
1906 3336 2229 3419 periculo,
2281 3356 2484 3418 quam

297 3446 767 3520 emolumento,
814 3443 1181 3507 exercitum
1232 3461 1349 3524 per
1376 3440 1600 3508 invios
1655 3440 1870 3504 saltus
1897 3440 1967 3502 iu
2015 3437 2488 3503 Macedoniam

289 3732 468 3777 voces,
502 3714 689 3778 quibus
734 3712 889 3777 paulo
932 3721 1053 3763 aute
1102 3712 1298 3761 Noster
1336 3722 1456 3758 usus
1496 3710 1597 3759 est,
1635 3710 1834 3777 temere
1881 3713 1908 3746 a
1949 3695 2173 3772 librariis
2231 3696 2484 3757 repetitas

289 3796 409 3833 este
424 3779 697 3845 judicabat
718 3778 873 3829 Crev.
926 3778 1127 3827 Incliuo
1148 3775 1201 3825 iu
1234 3770 1490 3824 Crevierii
1529 3761 1880 3821 seutentiam-⁹
1915 3762 2246 3825 Burman—1
2283 3762 2347 3809 Et
2382 3760 2486 3808 del.

292 3848 453 3897 Crev.

1282 3912 1331 3961 N
1338 3910 1495 3962 0¹1·AE

354 4015 379 4043 ⁰
416 4004 717 4068 Regibuque
736 4000 901 4049 micis
922 3994 1142 4060 inm]
1168 3992 1347 4043 Ptole·
1427 3994 1587 4043 dones
1612 4008 1643 4044 a
1676 3993 1872 4042 Peneo
1907 3986 2066 4049 legati
2091 4001 2104 4035 ε
2140 3984 2230 4070 sed
2258 3992 2364 4031 tres
2387 3981 2484 4069 riri

288 4101 427 4137 meo
465 4083 665 4133 scilicet
690 4080 897 4144 ..juniori
941 4083 999 4127 et
1036 4077 1349 4138 Cleopatroe,
1428 4085 1461 4119 ι
1493 4067 1830 4119 Cmservilio
1853 4067 1905 4113 iu
1942 4060 2306 4113 Macedoniam
2342 4070 2484 4145 tunsa

288 4162 383 4227 qui
421 4161 767 4210 Romanorum
804 4153 1019 4218 imperio
1063 4150 1232 4211 amici,
1266 4156 1347 4198 ut·
1430 4146 1497 4196 nd
1518 4142 1890 4208 explorandum
1925 4151 2094 4203 rerum
2117 4131 2482 4184 Macedomca-

289 4246 422 4301 pote
446 4235 571 4285 nocti
592 4235 952 4283 Romanorum.
1431 4236 1543 4273 rum
1565 4226 1776 4282 statum,
1791 4216 1858 4268 de
1883 4213 2064 4281 quibus
2080 4224 2238 4275 supra
2259 4223 2374 4274 cap.
2399 4213 2475 4260 18.

362 4309 382 4345 ¹
404 4309 581 4374 Legna
600 4324 663 4359 ex
684 4302 987 4367 Macedonia]
1020 4302 1067 4353 N
1072 4317 1137 4352 on
1170 4300 1353 4354 Maee-
