3177 4950
566 518 742 584 3380
1543 531 1617 581 rr.
1667 531 1859 580 mvn

631 675 860 738 vulget-
877 671 1109 738 opinioni
1128 672 1368 736 credens,
1385 673 1602 737 Istrum,
1626 673 1807 738 Alpes,
1827 673 2107 724 Ponticum
2140 677 2197 723 et
2228 671 2591 724 Hadriaticum
2630 687 2773 725 mare

634 755 866 818 conspici
891 767 1042 818 posse
1064 753 1118 803 iu
1140 755 1337 804 vertice
1361 754 1532 805 Haemi
1555 754 1767 816 montis,
1798 768 1915 804 eum
1938 752 2220 803 ascendere
2242 753 2445 814 statuit,
2478 758 2535 802 ut
2560 753 2629 803 ibi
2652 769 2776 804 con·

635 836 814 892 saltet,
847 849 950 899 que
971 834 1208 897 proxime
1227 835 1416 886 itinera
1436 835 1502 884 ad
1536 849 1677 886 mare
1716 835 2075 886 Hadriaticum
2104 841 2263 898 atque
2301 833 2508 894 Italiam
2540 831 2735 884 ducant
2757 850 2773 882 ε

633 915 958 966 Demetrium
980 921 1153 966 autem
1177 916 1384 966 domum
1420 917 1649 967 remittit
1688 931 1805 965 cum
1844 915 2004 976 Dide,
2042 914 2223 964 Persei
2260 914 2445 970 amico.
2476 913 2563 977 qui
2602 914 2773 964 omnia

629 995 837 1058 juvenis
859 994 1055 1045 incauti
1080 1008 1269 1044 arcana
1291 995 1484 1045 elicere
1515 1004 1754 1046 conetur.
1819 999 1904 1045 22.
1937 995 2137 1043 Vanum
2172 994 2276 1042 iter
2313 993 2448 1055 regis
2481 1000 2538 1042 et
2576 993 2773 1042 reditus

637 1090 734 1138 per
755 1075 1188 1125 Dentheletorum
1217 1075 1609 1140 Medorumque
1644 1075 1792 1134 fines,
1826 1089 1953 1140 quos
1996 1082 2211 1138 propter
2244 1075 2473 1139 inopiam
2511 1074 2774 1124 exercitus

637 1155 929 1219 populatur.
993 1159 1076 1204 28.
1109 1155 1406 1206 Demetrius
1429 1154 1625 1206 frustra
1646 1155 1818 1218 fugam
1842 1155 1907 1204 ad
1933 1156 2192 1205 Romanos
2214 1155 2514 1218 meditatur,
2537 1163 2591 1204 et
2614 1155 2775 1218 iegati

638 1235 854 1285 Romam
875 1234 1018 1284 missi
1043 1232 1196 1284 falsas
1214 1233 1438 1284 afferunt
1462 1235 1528 1287 T.
1554 1235 1755 1286 Quintii
1790 1235 1988 1292 literas,
2020 1250 2135 1300 quae
2164 1233 2321 1284 tidem
2362 1235 2565 1284 faciunt
2602 1235 2780 1284 crimi-

634 1315 934 1364 nationibus
957 1314 1155 1364 Persei.
1219 1319 1302 1364 24.
1339 1314 1591 1364 Iunonius
1630 1315 1927 1365 adolescens
1961 1305 2029 1364 ab
2060 1314 2205 1364 Dida
2242 1329 2443 1366 veneno
2478 1319 2535 1364 et
2566 1314 2775 1377 injectis

638 1394 905 1458 tapetibus
923 1395 976 1444 in
997 1399 1160 1457 caput
1180 1391 1463 1458 faucesque
1485 1399 1718 1444 necatur.

570 1479 656 1526 25.
691 1476 753 1525 L.
775 1473 1006 1524 AEmilius
1028 1474 1242 1523 Paullus
1262 1488 1463 1537 procos.
1486 1488 1517 1524 a
1540 1475 1819 1538 Liguribus
1842 1473 2087 1540 Ingaunis
2110 1489 2207 1538 per
2227 1473 2478 1535 inducias,
2512 1488 2639 1538 quas
2681 1487 2777 1538 per

635 1555 863 1618 speciem
885 1554 1029 1618 pacis
1051 1553 1424 1617 componenda
1449 1555 1729 1617 petierant,
1748 1562 1967 1618 repente
1984 1555 2268 1604 obsidetur.
2320 1559 2402 1603 26.
2422 1553 2664 1603 subsidia
2686 1569 2776 1617 pa·

637 1641 840 1698 rentur,
873 1633 966 1684 sed
989 1633 1240 1696 tardiora,
1274 1648 1427 1699 quam
1451 1641 1659 1698 tempus
1681 1635 1929 1698 postulat.
1986 1639 2071 1686 27.
2105 1636 2295 1701 Itaque
2318 1650 2413 1699 per
2438 1649 2493 1685 se
2514 1633 2774 1683 fortunam

637 1721 848 1765 tentare
868 1714 1076 1771 statuit,
1111 1714 1500 1780 exercitumque
1525 1713 1685 1778 jubet
1707 1714 1945 1765 omnibus
1966 1729 2238 1779 erumpere
2259 1717 2447 1780 portis.
2510 1719 2591 1764 28.
2622 1715 2775 1777 Ligu·

643 1807 727 1844 res
749 1793 970 1858 Ingauni
993 1793 1286 1857 ceduntur,
1307 1796 1597 1858 castrisque
1632 1795 1779 1844 exuti
1804 1808 1980 1844 omnes
2010 1795 2063 1844 in
2086 1794 2339 1846 ditionem
2365 1795 2594 1845 veniunt.
2658 1795 2777 1846 Quo

639 1872 782 1925 facto
801 1873 1038 1924 AEmilius
1059 1872 1302 1924 confecta
1323 1873 1534 1924 decedit
1559 1873 1847 1936 provincie,
1876 1881 1933 1923 et
1972 1874 2284 1938 supplicatio
2313 1874 2631 1925 decernitur.
2692 1877 2777 1924 2⁹.

637 1955 854 2005 Colonia
869 1953 1136 2004 Graviscm
1157 1953 1453 2010 deducitur.
1487 1967 1755 2018 annusque
1776 1953 1992 2017 insignis
2014 1959 2098 2003 est
2116 1953 2353 2004 siccitate
2384 1962 2439 2004 et
2472 1954 2647 2017 iuopia
2668 1952 2780 2004 fru-

637 2049 777 2097 gum.
842 2032 1040 2084 Eodem
1062 2031 1180 2081 dum
1203 2031 1426 2096 lapidem
1449 2046 1584 2082 arcae
1610 2033 1661 2081 iu
1686 2046 1812 2096 agro
1837 2035 1900 2083 L.
1942 2034 2142 2084 Petillii
2178 2034 2361 2085 scriba
2394 2035 2494 2085 sub
2530 2034 2775 2086 Jauiculo

637 2113 989 2178 reperiuntur,
1021 2125 1238 2175 quarum
1260 2113 1428 2162 altera
1448 2113 1618 2162 inanis
1640 2111 1851 2162 titulum
1872 2114 2061 2178 sepulti
2088 2115 2273 2165 Numa
2312 2114 2555 2179 Pompilii
2594 2115 2775 2177 babet,

639 2195 810 2244 altere
829 2191 990 2243 libros
1011 2191 1128 2255 ejus
1151 2193 1407 2250 continet,
1441 2191 1629 2242 Groeee
1670 2193 1965 2258 Latineque
2000 2195 2243 2258 scriptos,
2274 2195 2385 2259 qui,
2418 2195 2657 2260 quoniam
2706 2195 2778 2247 Q.

638 2273 873 2335 Petillia,
918 2271 1132 2336 pretori
1172 2272 1388 2334 urbano,
1437 2271 1879 2323 dissolvendarum
1914 2275 2219 2337 religionum
2256 2289 2371 2326 esse
2411 2275 2677 2336 videntur,
2710 2287 2777 2324 eo

597 2380 606 2388 -
637 2358 856 2404 anctore
875 2351 930 2402 in
949 2351 1162 2401 comitio
1181 2357 1495 2402 cre-antur.
1560 2355 1741 2402 80-82.
1774 2353 1846 2405 Q.
1874 2353 2091 2412 Fulvius
2126 2355 2343 2405 Flaccus
2378 2353 2431 2404 iu
2454 2353 2777 2417 Carpetania

639 2433 706 2485 ed
731 2431 977 2484 Eburam
997 2445 1125 2498 opp.
1156 2445 1396 2496 magnam
1429 2432 1719 2495 victoriam,
1752 2445 1850 2483 uec
1885 2439 2059 2485 tamen
2094 2435 2441 2493 incruentam.
2474 2439 2711 2498 reportat
2745 2446 2776 2483 a

639 2513 939 2565 Celtiberis.
1003 2518 1088 2563 88.
1121 2513 1460 2564 Contrebiam
1481 2515 1737 2578 cepit,et.
1757 2514 1990 2565 hostibus
2019 2516 2208 2565 iterum
2233 2514 2385 2578 fusis,
2418 2528 2511 2578 per
2546 2512 2777 2564 Celtibe·

641 2592 770 2643 riam‘
787 2593 1187 2657 populabundus
1207 2593 1353 2644 ducit
1375 2595 1621 2659 legiones.
1666 2598 1751 2645 u.
1772 2594 1880 2645 Res
1900 2596 1953 2645 iu
1976 2595 2226 2646 ulteriore
2252 2595 2511 2658 Hispania
2528 2593 2779 2644 adversus

642 2674 920 2722 Lusitanos
943 2686 1194 2736 prospere
1217 2680 1376 2736 gestat
1398 2687 1431 2723 a
1455 2674 1519 2723 P.
1540 2674 1759 2724 Manlio.
1824 2674 2067 2738 Aquileia
2086 2674 2289 2724 colonia
2307 2673 2555 2723 deducta.
2618 2672 2779 2723 AEdes

597 2786 604 2797 .
639 2752 862 2801 Veneris
898 2752 1137 2815 Erycino
1175 2759 1234 2801 et
1269 2752 1490 2802 Pietatis
1523 2752 1799 2803 dedicatae·
1864 2753 2177 2817 Triumphus
2208 2768 2242 2802 a
2272 2754 2334 2803 1..
2354 2752 2562 2803 AEmilio
2592 2752 2781 2803 Paullo

595 2860 610 2869 -
641 2841 791 2883 actas
827 2832 894 2882 de
927 2832 1202 2897 Liguribus
1238 2833 1497 2896 Ingaunis.
1565 2835 1807 2885 Secunda
1841 2834 2023 2899 prelia
2056 2849 2087 2884 a
2124 2834 2201 2885 M.
2242 2834 2455 2883 Pinario
2492 2831 2638 2883 facta
2658 2847 2775 2883 eum

593 2954 602 2969 .
639 2912 818 2963 Corsis
839 2920 895 2963 et
917 2912 1200 2964 Iliensibus
1222 2913 1278 2963 in
1299 2912 1559 2965 Sardinia.
1620 2914 1742 2977 ⁸Pax
1766 2914 1944 2965 Poenis
1960 2928 2079 2965 cum
2101 2914 2377 2967 Masinissa
2398 2928 2494 2979 per
2514 2912 2779 2965 Romanos

595 3022 603 3029 ·
645 2992 968 3045 confirmata.
1908 3038 1913 3043 .
2022 3035 2031 3041 .

578 3078 664 3124 35.
699 3073 948 3122 Consules
967 3069 1062 3134 (Α.
1084 3070 1382 3122 Postumius
1397 3073 1617 3123 Albinus
1646 3078 1845 3124 Luscus
1874 3081 1927 3124 et
1960 3076 2023 3125 C.
2046 3076 2371 3141 calpurnius
2408 3076 2558 3139 Piso)
2588 3082 2779 3140 prato·

599 3184 610 3197 .
644 3164 833 3215 resque
853 3154 1116 3209 creantur,
1145 3157 1204 3200 et
1223 3152 1276 3200 bi
1293 3152 1584 3202 sortiuntur
1607 3154 1921 3216 provincias,
1952 3156 2056 3204 illis
2074 3156 2278 3220 eadem,
2302 3170 2417 3220 qum
2440 3172 2536 3220 per
2556 3164 2780 3222 quatuor

638 3233 746 3297 jam
768 3244 927 3279 annos
949 3228 1246 3279 consulibus
1276 3228 1468 3287 fuerat,
1505 3232 1742 3295 Ligures,
1778 3231 2095 3284 decernitur.
2160 3239 2243 3286 ⁸6.
2282 3237 2447 3285 Nova
2482 3238 2781 3289 scribuntur

645 3310 900 3373 legiones,
930 3314 990 3359 et
1010 3309 1077 3361 Q.
1104 3309 1290 3359 Fulvio
1312 3310 1655 3373 permittitur,
1687 3322 1745 3361 ut
1769 3320 1971 3375 partem
1994 3314 2189 3364 veteris
2212 3316 2476 3365 exercitus
2498 3331 2563 3366 ex
2587 3318 2779 3381 Hispa·

597 3432 607 3447 ,
643 3391 734 3441 nia
753 3389 1001 3439 citeriore
1023 3401 1200 3439 secum
1222 3388 1486 3453 deportet.
1553 3394 1634 3439 87.
1656 3390 1970 3442 Pestilentia
1980 3392 2093 3455 jam
2116 3396 2327 3445 tertium
2350 3408 2539 3446 anuum
2560 3398 2777 3448 Romam

645 3471 956 3534 Italiamque
976 3474 1164 3533 vastat,
1196 3476 1253 3519 et
1285 3469 1512 3520 illustres
1545 3471 1771 3521 omnium
1806 3470 2045 3523 ordinum
2066 3473 2163 3523 viri
2182 3476 2504 3526 moriuntur:
2538 3479 2631 3528 sed
2652 3492 2779 3542 quo-

601 3549 868 3600 -.rundam
888 3561 1024 3598 mors
1045 3554 1292 3612 suspecta
1329 3550 1684 3605 est,.maxime
1718 3552 1780 3601 C.
1814 3552 2082 3615 Calpurnii
2112 3554 2357 3616 consulis,
2384 3556 2477 3619 qui
2516 3571 2547 3606 a
2580 3558 2782 3608 Quarta

601 3660 608 3666 -
649 3628 882 3679 Hostilia
897 3642 1060 3677 uxore
1081 3636 1298 3679 necatus
1319 3628 1569 3687 creditur,
1605 3638 1667 3681 ut
1684 3630 1793 3681 filio
1814 3632 1951 3696 ejus,
1971 3634 2037 3687 Q.
2060 3632 2243 3683 Fulvio
2265 3634 2474 3699 Flacco,
2492 3637 2577 3686 via
2600 3644 2781 3701 pateat

650 3707 717 3758 ed
741 3720 994 3757 summum
1016 3706 1277 3759 bonorem.
1341 3708 1397 3757 Is
1429 3724 1632 3775 quoque
1663 3712 1841 3761 consul
1880 3711 2181 3764 declaratur
2212 3713 2265 3763 in
2296 3714 2464 3765 locum
2503 3716 2692 3779 vitrici,
2723 3724 2781 3767 et

602 3830 613 3839 .
649 3787 876 3838 Hostilia
895 3786 1190 3837 damnatur.
1254 3791 1336 3838 88.
1370 3789 1593 3852 Ligures
1610 3789 1838 3855 Amani,
1876 3792 2152 3855 improviso
2182 3794 2441 3856 oppressi,
2470 3808 2531 3845 se
2560 3795 2781 3853 dedunt,

647 3874 704 3917 et
738 3868 792 3916 in
831 3866 1096 3920 Samnium
1132 3866 1492 3920 traducuntur.
1553 3870 1805 3921 Consules
1824 3871 2065 3921 confecta
2088 3872 2355 3935 provincia
2376 3880 2606 3925 veterem
2628 3890 2779 3925 exer·

603 3980 618 3987 -
645 3948 808 3997 citum
832 3945 1102 3997 deducunt
1122 3946 1354 4002 Romam,
1387 3956 1444 3998 et
1474 3950 1695 3999 omnium
1722 3950 1873 4013 primi
1906 3950 2047 4000 nullo
2086 3950 2221 4001 bello
2258 3960 2409 4014 gesto
2443 3954 2779 4017 triumphant.

604 4060 616 4067 -
646 4031 730 4077 ⁸9.
751 4030 834 4077 40.
867 4026 932 4075 Iu
955 4024 1213 4090 Hispania
1231 4027 1474 4079 citeriore
1497 4030 1564 4081 Q.
1593 4029 1805 4081 Fulvius
1826 4032 2076 4093 flaccus,
2106 4046 2175 4083 ex
2208 4033 2511 4083 Celtiberis.
2528 4034 2781 4086 Tarraco·

603 4142 616 4149 -
645 4120 770 4155 nem
791 4106 856 4154 sd
879 4118 1230 4157 successorem
1249 4106 1602 4171 profecturus,
1622 4111 1675 4159 iu
1696 4111 1833 4169 saltu
1855 4111 2123 4164 Manliano
2138 4112 2409 4162 obsidetur
2426 4128 2457 4162 a
2473 4112 2780 4178 Celtiberisg

649 4185 744 4235 sed
767 4186 994 4248 equitum
1015 4186 1214 4238 virtute
1236 4189 1430 4239 avertit
1449 4189 1705 4241 beateaet
1743 4190 1933 4254 ubique
1966 4191 2144 4241 eaedit.
2204 4196 2287 4241 ss.
2322 4191 2567 4243 Consules
2596 4195 2657 4248 ,in
2695 4196 2781 4247 Li·

603 4303 616 4321 ,
649 4264 862 4327 guribus
887 4278 968 4317 res
990 4268 1201 4329 egregie
1223 4275 1430 4331 gerunt,
1465 4276 1522 4319 et
1561 4269 1826 4320 referente
1848 4271 1917 4324 Q.
1942 4272 2125 4321 Fulvio
2144 4270 2309 4323 frater
2323 4272 2439 4335 ejus
2460 4274 2539 4323 M.
2565 4273 2777 4323 Fulvius

609 4398 620 4407 ,
650 4344 894 4414 Nobilior
933 4344 1172 4399 tribunus
1216 4345 1460 4399 secunde
1497 4349 1729 4415 legionis,
1760 4350 1849 4416 qui
1888 4365 2001 4402 eam
2040 4357 2159 4402 ante
2187 4350 2475 4405 adrentum
2512 4354 2775 4407 consulum
