3177 4950
1094 437 1245 486 un.
1289 433 1503 486 κων.
1548 439 1715 488 car.
1757 423 1866 489 34.
2388 420 2568 490 3715

356 587 514 646 tum
558 577 1046 665 imperiumque
1096 579 1297 644 ducis
1353 579 1611 658 fierent,
1655 579 1970 664 providit.
2061 579 2198 646 Ubi
2249 583 2560 648 omuibus

370 681 569 747 simul
594 680 1141 763 pronuntiaretur,
1170 679 1357 764 quod
1386 679 1596 759 fieret,
1625 699 1840 765 neque
1869 701 2102 748 omnes
2125 681 2558 763 exaudirent;
2683 745 2705 771 Ι

358 783 625 848 incerto
668 782 951 864 imperio
984 791 1295 865 accepto,
1340 781 1536 860 alios,
1570 784 1660 847 ab
1701 803 1776 848 se
1823 783 2233 867 adjicientes,
2269 783 2424 868 plus
2454 802 2558 860 eo,

356 883 553 966 quod
582 885 974 966 imperatum
1006 883 1113 959 sit,
1140 883 1313 947 alios
1351 884 1570 948 minus
1609 884 1855 949 facere.
1944 884 2296 950 Clamores
2323 883 2559 948 deinde

354 986 675 1049 dissonos
706 983 863 1048 oriri
892 983 1203 1048 omnibus
1246 984 1443 1061 locis,
1486 993 1559 1048 et
1605 986 1788 1068 prius
1825 985 2083 1064 hostes,
2113 1007 2313 1070 quam
2347 989 2558 1070 ipsos,

364 1087 527 1170 quid
562 1091 849 1169 paretur,
880 1085 1078 1149 scire.
1164 1084 1447 1150 Placere
1485 1087 1709 1167 igitur,
1757 1087 2080 1152 tribunum
2113 1087 2392 1152 militum
2423 1090 2557 1171 pri-

363 1175 477 1252 mo
506 1189 649 1273 pilo
670 1195 699 1233 ⁸
720 1187 999 1268 legionis
1030 1191 1361 1251 secretum
1392 1187 1606 1258 ,edere
1651 1186 2049 1270 imperiumz
2094 1188 2278 1256 illum
2303 1191 2373 1252 et
2401 1190 2554 1254 dein

360 1288 655 1372 singulos
707 1288 1018 1371 proximo
1049 1287 1295 1370 cuique
1324 1289 1393 1350 in
1432 1289 1670 1353 ordine
1709 1291 2075 1354 centurioni
2107 1289 2353 1369 dicere,
2386 1293 2554 1376 quid

354 1404 541 1473 opus
566 1389 753 1454 sacto
781 1390 906 1467 sit;
950 1389 1095 1452 sive
1125 1407 1167 1450 a
1201 1387 1437 1469 primis
1466 1389 1676 1468 signis
1701 1389 1788 1450 ad
1817 1390 2260 1455 novissimum
2291 1409 2551 1473 agmen,

359 1493 512 1556 >sive
567 1491 655 1554 ab
698 1487 1021 1553 extremis
1070 1487 1157 1551 ad
1209 1485 1461 1570 primos
1517 1487 1977 1570 perferendum
2021 1489 2380 1573 imperinm
2440 1495 2553 1559 sit.

350 1591 625 1676 -Vig-iles
665 1591 865 1654 etiam
904 1607 1083 1653 novo
1120 1607 1305 1652 more
1359 1593 1623 1652 scutum
1667 1589 1738 1652 iu
1781 1589 2078 1670 vigiliam
2121 1591 2282 1656 ferre
2307 1593 2552 1662 vetuit:

358 1714 494 1759 non
527 1693 705 1758 enim
734 1693 803 1756 in
834 1709 1131 1776 pugnam
1161 1687 1429 1772 vigilem
1459 1688 1573 1766 ire,
1603 1697 1678 1754 ut
1699 1691 1905 1755 armis
1923 1697 2166 1770 utatur,
2195 1693 2310 1758 sed
2341 1693 2428 1758 ad
2453 1695 2548 1758 vi·

360 1793 727 1879 gilaudum,
758 1799 851 1871 ut,
874 1811 1027 1857 cum
1074 1791 1363 1856 senserit
1387 1789 1676 1858 hostium
1721 1792 2104 1870 adventum,
2139 1795 2422 1879 recipiat
2450 1815 2550 1871 se,

358 1897 741 1980 excitetque
768 1895 852 1960 ad
884 1912 1070 1959 arma
1098 1893 1294 1957 alios.
1382 1893 1592 1958 Scuto
1621 1913 1766 1976 prm
1792 1913 1868 1956 se
1881 1901 2121 1960 erecto
2148 1903 2325 1960 stare
2351 1904 2404 1935 ¹0
2430 1917 2547 1978 ga-

354 2000 613 2077 leatos3
674 1996 911 2062 deinde
956 1995 1074 2060 ubi
1118 1995 1283 2061 sessi
1334 1995 1493 2072 sint,
1540 1995 1804 2059 innisos
1857 1995 2023 2079 pilo,
2070 1998 2292 2081 capite
2339 2017 2550 2082 super

358 2102 713 2182 marginem
744 2099 922 2163 scuti
954 2097 1201 2181 posito,
1232 2097 1499 2179 sopitos
1544 2103 1747 2173 stare,
1793 2101 1867 2161 ut
1906 2096 2314 2178 fulgentibus
2345 2101 2546 2164 armis

346 2202 589 2285 procul
622 2200 929 2284 conspici
968 2198 1055 2262 ab
1092 2196 1294 2262 hoste
1339 2198 1628 2281 possint,
1681 2196 1817 2279 ipsi
1865 2197 2028 2262 nihil
2078 2201 2542 2282 provideant-¹¹

350 2304 735 2368 stationum
752 2311 1015 2385 quoqne
1044 2317 1297 2364 morem
1312 2298 1622 2364 mutavit.
1655 2296 1916 2363 Armati
1943 2307 2293 2365 omnes-et„
2309 2301 2542 2367 fraena·

353 2406 441 2471 tis
462 2405 659 2490 equis
682 2403 941 2488 equites
961 2401 1139 2467 diem
1157 2407 1373 2466 totum
1388 2401 1804 2485 perstabant.
1852 2401 1934 2464 Id
1958 2421 2106 2466 cum
2131 2401 2388 2467 aestivis
2407 2404 2542 2468 die-

353 2506 505 2585 bus,
522 2512 753 2572 urente
776 2504 1056 2570 assiduo
1074 2502 1238 2580 sole,
1254 2502 1464 2581 fieret,
1485 2509 1585 2568 tot
1605 2502 1915 2567 horarum
1939 2511 2112 2568 aestu
2129 2510 2202 2567 et
2221 2504 2540 2586 languore

344 2608 539 2694 ipsos
566 2624 911 2693 equosque
935 2605 1161 2671 sessos
1190 2602 1422 2687 integri
1454 2623 1642 2688 soepe
1683 2603 1894 2669 adorti
1923 2605 2171 2683 hostes,
2201 2605 2308 2671 vel
2340 2609 2542 2692 pauci

349 2710 577 2794 plnres
608 2710 969 2775 vexabant.
1016 2707 1257 2793 Itaque
1284 2727 1371 2772 ex
1401 2708 1732 2773 matutina
1762 2708 2057 2773 statione
2082 2708 2169 2773 ad
2201 2710 2538 2776 meridiem

350 2812 605 2890 decedi,
652 2810 825 2876 etin
869 2808 1459 2894 postmeridianam
1482 2808 1868 2885 succedere
1910 2811 2082 2875 alios
2119 2811 2372 2894 jussit:
2441 2812 2540 2875 ita

344 2931 688 2998 nunquam
716 2912 1029 2995 fatigatos
1052 2928 1285 2975 recens
1312 2908 1526 2975 hostis
1556 2910 1822 2992 aggredi
1846 2916 2132 2995 poterat.

431 3016 545 3081 34.
585 3014 766 3081 Haec
796 3033 945 3079 cum
974 3014 1067 3077 ita
1095 3011 1235 3075 fieri
1279 3012 1569 3095 placere,
1619 3012 1946 3077 concione
1991 3012 2354 3089 advocata,
2384 3032 2536 3096 pro-

346 3114 741 3193 nuntiasset,
770 3114 1020 3199 adjecit
1068 3114 1341 3179 urbanae
1388 3113 1696 3179 concioni
1736 3113 2238 3179 convenientem
2291 3114 2537 3179 oratio-

344 3238 513 3282 nem.
601 3218 876 3282 ‘.Unum
905 3217 1373 3299 imperatorem
1396 3216 1465 3279 in
1495 3216 1796 3280 exercitu
1827 3215 2182 3298 providere
2207 3225 2275 3280 et
2297 3235 2537 3280 cousu-

342 3320 504 3398 lere,
536 3318 696 3403 qnid
729 3316 1054 3400 agendum
1098 3316 1209 3394 sit,
1258 3315 1518 3394 debere,
1558 3334 1737 3380 nunc
1767 3335 1887 3399 per
1914 3335 2010 3394 se,
2043 3335 2212 3379 nunc
2242 3336 2390 3379 cum
2424 3317 2533 3392 iis,

345 3440 519 3503 quos
560 3420 985 3485 advocaverit
1022 3418 1091 3481 in
1131 3418 1517 3481 consilium:
1568 3417 1686 3500 qui
1716 3436 1850 3482 non
1881 3417 2020 3481 sint
2047 3417 2388 3494 advocati,
2417 3436 2536 3481 eos

342 3537 473 3585 nec
494 3520 745 3605 palam,
770 3538 896 3583 nec
927 3524 1189 3583 secreto
1218 3516 1487 3601 jactare
1515 3517 1797 3580 consilia
1833 3536 1979 3581 sua.
2067 3516 2354 3581 Militem
2380 3516 2530 3584 hmo

1254 3678 1463 3701 mm
1496 3678 1614 3701 0000

338 3786 469 3833 -10
504 3781 521 3810 ‘
542 3782 685 3833 Male
706 3781 791 3831 hie
813 3782 955 3830 loeus
977 3778 1284 3844 intelligitur
1304 3778 1373 3829 ab
1394 3778 1455 3827 lis
1553 3778 1567 3826 i
1590 3776 1655 3826 ad
1683 3782 1815 3827 stare
1850 3777 2150 3840 supplerent
2170 3776 2360 3836 jussit?
2389 3778 2530 3827 Doe-

338 3850 470 3912 ring.
534 3852 551 3878 ·
576 3846 811 3896 Alterum
848 3850 976 3895 sture
1014 3858 1115 3894 nou
1150 3859 1279 3908 opu·
1312 3850 1427 3892 erut
1450 3792 1610 3891 0225!
1643 3842 1777 3891 D-te.
1842 3842 1971 3891 Mox
1993 3841 2106 3890 dein
2128 3841 2292 3892 (ἴθι-οη.
2315 3844 2527 3905 Doujar.

336 3914 622 3963 cren-u
660 3911 837 3965 Ponit.
858 3911 959 3975 ipse
978 3909 1103 3959 nihil
1118 3911 1363 3972 provideat
1382 3907 1503 3957 edd.
1527 3914 1652 3956 aute
1673 3905 1840 3955 Gron-

1322 4038 1539 4090 NOTAE

402 4146 429 4183 r
462 4137 729 4188 ‘ti-ibam
746 4134 955 4185 militm
978 4134 1133 4197 prim
1149 4134 1268 4199 pilo,
1286 4132 1395 4199 qm]
1473 4131 1776 4197 composito
1806 4129 2004 4181 militia
2039 4135 2097 4180 et
2129 4136 2384 4179 accurato
2423 4130 2528 4181 dia-

338 4214 411 4265 Et
430 4216 549 4269 hoc,
581 4220 639 4262 et
676 4226 793 4277 qum
829 4216 1115 4275 neqnnntur
1148 4212 1395 4273 exempla
1475 4208 1704 4273 cipliuoe.

338 4298 461 4345 nunt
504 4289 753 4344 notanda.
790 4288 873 4336 vel
914 4292 1181 4351 praeopta
1222 4286 1395 4350 potins
