3177 4950
1327 393 1472 443 ms.
1516 394 1682 449 xm.
2420 386 2602 457 8519-

409 533 722 603 columen
775 538 1226 619 plenissimum
1276 540 1506 623 prnda
1547 540 1818 607 domum
1856 543 2243 625 reportavit.
2339 546 2585 615 lterum

409 637 829 720 triumphans
853 641 926 703 in
953 642 1184 705 urbem
1215 640 1506 705 Romam
1545 642 1765 705 rediit.
1852 642 2066 727 Cujus
2095 643 2188 707 rei
2228 662 2385 727 ergo
2414 648 2587 715 banc

407 737 702 803 tabulam
733 740 976 805 donum
1007 740 1169 806 Jovi
1202 740 1434 808 dedit!
1518 742 1846 807 Sardinia
1894 743 2131 807 insulae
2160 747 2369 811 forma
2396 759 2589 829 erat‚¹

409 846 612 922 atque
643 840 706 903 in
737 862 822 906 ea
845 843 1201 909 simulacra
1242 864 1615 929 pugnarum
1644 844 1850 928 picta.
1942 844 2227 911 Munera
2254 851 2585 931 gladiato-

403 956 545 1002 rum
599 961 682 1005 eo
723 962 898 1007 anno
946 946 1207 1028 aliquot
1247 963 1454 1029 parva
1505 946 1639 1009 alia
1674 944 1877 1023 data3
1926 964 2129 1009 unum
2177 956 2328 1013 ante
2363 958 2584 1019 cetera

399 1038 654 1122 insigne
683 1043 808 1108 suit
829 1045 912 1109 Τ.
949 1046 1327 1122 Flaminini,
1346 1045 1531 1132 quod
1549 1046 1784 1111 mortis
1808 1064 2017 1110 causa
2040 1048 2247 1131 patris
2270 1052 2403 1126 sui,
2428 1072 2579 1117 cum

397 1140 839 1210 visceratione
867 1146 1199 1231 epuloque
1242 1152 1310 1211 et
1347 1147 1522 1211 ludis
1567 1147 1879 1223 scenicis,
1921 1149 2345 1231 quatriduum
2376 1151 2581 1219 dedit.

397 1240 630 1325 Magni
661 1252 879 1311 tamen
911 1250 1200 1313 muneris
1231 1267 1315 1312 ea
1342 1267 1603 1313 summa
1626 1246 1803 1325 suit,⁵
1848 1254 1920 1312 ut
1946 1268 2067 1333 per
2098 1250 2385 1317 triduum
2410 1236 2578 1339 quass

395 1349 546 1409 tuor
576 1355 646 1411 et
675 1351 1100 1435 septuaginta
1126 1348 1424 1413 homines
1450 1350 1820 1433 pugnarint.

475 1448 502 1525 [
519 1448 674 1523 (37.)
721 1448 885 1511 Finis
911 1448 1087 1527 hujus
1107 1450 1245 1508 anni
1272 1450 1515 1527 insignis
1547 1458 1637 1510 est
1669 1469 1843 1520 nova,
1876 1470 2064 1529 eaque
2094 1452 2289 1529 magni

391 1546 672 1605 momenti
699 1543 850 1625 lege,
877 1565 1012 1627 quae
1039 1566 1154 1604 non
1181 1545 1302 1604 sine
1333 1544 1537 1625 aliquo
1578 1555 1741 1605 motu
1788 1548 2114 1606 animorum
2158 1548 2284 1625 agi-

389 1647 516 1699 tata
554 1640 858 1701 civitatem
904 1643 1185 1699 exercuit.
1287 1639 1602 1701 Hactenus
1626 1640 1891 1701 soeminas
1937 1662 2051 1701 non
2096 1644 2287 1703 minus

387 1754 569 1813 quam
586 1736 740 1794 viros
767 1735 842 1795 ad
869 1734 1241 1795 haereditates
1267 1736 1499 1795 admitti
1516 1738 1619 1814 jus
1642 1736 1854 1797 fuerat.
1899 1736 2051 1797 Inde
2079 1736 2283 1808 fiebat,

386 1837 452 1888 ut
478 1828 991 1890 illustrissimamm
1018 1852 1174 1913 saepe
1196 1830 1555 1891 familiarum
1577 1833 1737 1891 bona
1764 1832 1821 1889 in
1843 1830 2068 1891 alienas
2082 1832 2285 1890 domos

383 1924 944 1997 transfunderentur,
973 1946 1186 2005 magno
1241 1947 1376 1986 cum
1424 1926 1769 2007 reipublicae
1812 1925 2051 1995 damno,
2106 1928 2204 2005 cuj
2216 1948 2283 1985 us

381 2020 620 2081 interest
668 2021 961 2082 clarorum
1015 2024 1314 2083 nominum
1369 2020 1705 2082 haeredibus
1749 2030 2057 2103 suppetere
2116 2042 2279 2101 opes,

379 2116 597 2195 quibus
622 2116 990 2197 splendorem
1020 2119 1266 2197 generis,
1294 2137 1442 2177 onus
1470 2116 1692 2196 alioqui
1730 2117 1917 2197 magis
1956 2136 2133 2195 quam
2170 2114 2275 2175 de-

377 2230 504 2280 cus,
531 2213 709 2270 tutari
727 2220 790 2271 et
813 2232 1094 2272 exornare
1123 2213 1364 2293 possint.
1455 2210 1691 2271 Deinde
1716 2212 1919 2281 etiam,
1947 2231 2081 2271 cum
2118 2232 2273 2270 cres-

373 2307 644 2365 centibus
660 2309 792 2385 jam
823 2308 1050 2388 imperii
1072 2309 1285 2389 opibus
1305 2316 1635 2369 crescerent
1659 2326 1891 2385 quoque
1919 2308 2273 2385 privatorum

375 2399 624 2471 divitiae,
653 2412 842 2463 metus
865 2412 994 2465 erat
1031 2423 1104 2463 ue
1129 2404 1364 2485 pronior
1391 2412 1604 2461 natura
1632 2402 1693 2460 in
1718 2402 1926 2461 luxum
1952 2391 2015 2459 et
2037 2400 2273 2479 elegan-

373 2497 537 2555 tioris
577 2497 774 2556 cultus
816 2499 1248 2558 affectationem
1289 2497 1593 2556 muliebris
1636 2499 1887 2564 animus,
1930 2503 2139 2554 nactus
2192 2515 2271 2553 ex

374 2589 678 2651 affluentia
711 2611 890 2672 opum
929 2593 1276 2676 cupiditatis
1316 2593 1701 2662 irritamenta,
1732 2593 1793 2652 in
1819 2599 2039 2650 sumtus
2064 2591 2269 2649 immo-

369 2683 536 2746 dicos
562 2697 738 2767 atque
767 2689 825 2746 in
868 2687 1163 2748 luxuriam
1205 2687 1633 2768 prolaberetur,
1664 2707 1735 2746 ac
1762 2685 1973 2746 deiude
2004 2706 2041 2745 a
2078 2686 2273 2768 prisca

370 2779 616 2842 fortasse
665 2784 980 2846 sanctitate
1023 2782 1393 2853 descisceret,
1445 2802 1557 2844 nee
1602 2782 1792 2842 minor
1844 2781 2011 2842 fieret
2046 2799 2271 2840 morum

371 2895 550 2955 quam
571 2878 766 2938 cultus
783 2879 1053 2940 mutatio.
1141 2877 1266 2937 His
1282 2876 1666 2936 incommodis
1688 2877 1924 2936 obviam
1950 2876 2034 2935 ire
2064 2875 2272 2932 statuit

367 2970 450 3036 Q.
481 2971 786 3033 Voconius
823 2973 989 3034 Saxa
1029 2973 1295 3033 tribunus
1335 2970 1547 3052 plebis,
1576 2969 1830 3050 tulitque
1868 2968 1943 3028 ad
1984 2966 2265 3050 populum

1276 3143 1514 3166 ‘m
1518 3145 1545 3164 O
1548 3143 1637 3165 000

365 3262 718 3324 noerin3.-s
753 3263 770 3290 ⁸
790 3260 964 3312 Credo
991 3219 1288 3325 corruptum
1323 3275 1440 3310 esne
1469 3273 1679 3309 eme.-
1714 3263 1805 3307 aut
1824 3273 1879 3308 ea
1899 3271 2079 3307 mmm
2100 3263 2183 3305 eet
2216 3271 2280 3306 ea
2302 3257 2553 3320 impense,

363 3329 541 3376 tantus
565 3333 795 3387 sumtnsg
830 3325 969 3376 Dok.
990 3333 1044 3376 et
1060 3325 1185 3375 Ern.
1247 3324 1353 3374 Sed
1377 3325 1452 3374 its
1475 3338 1573 3373 vox
1592 3329 1751 3372 unes
1770 3323 1951 3386 inepte
1972 3327 2069 3370 est.
2128 3321 2305 3370 Malim
2324 3335 2552 3370 sumn

363 3402 626 3452 exponere
645 3397 822 3464 caput,
845 3391 1176 3454 praeipuum
1199 3389 1390 3454 populo
1412 3387 1789 3452 gratissi-nunu
1826 3397 1881 3437 et
1905 3388 2077 3449 legere
2096 3387 2219 3448 quod
2242 3385 2549 3448 maerent!

362 3451 580 3516 Rupert.
647 3455 802 3504 Melit
828 3455 990 3504 Doer.
1019 3459 1304 3518 pugnarent.
2544 3501 2553 3508 .

1353 3597 1566 3648 NOTAE

362 3693 598 3757 Pighius,
633 3694 994 3757 reipublieaeque
1032 3695 1300 3744 restitutis.-
1357 3699 1414 3744 at
1493 3697 1687 3751 serant,
1706 3691 1963 3753 rebusque
1982 3689 2091 3738 suis
2104 3701 2291 3750 magne
2306 3701 2369 3737 ex
2394 3697 2547 3748 perte

358 3769 585 3830 felicius,
623 3771 674 3820 ui
708 3769 876 3832 fallor,
913 3771 1075 3820 Grou.
1106 3772 1315 3833 eoujieit
1335 3784 1411 3818 so·
1492 3769 1697 3830 spoliati
1723 3764 1949 3827 fuerant,
1974 3765 2027 3812 ln
2050 3761 2327 3826 pristinum
2351 3769 2545 3815 statum

356 3848 536 3910 σῶμα
555 3845 792 3898 restitutis
812 3862 828 3892 .·
863 3852 918 3896 nt
947 3846 1154 3894 scilieet
1185 3845 1412 3908 veetigs-
1489 3844 1799 3894 restituisse.

355 3923 429 3972 lia
449 3936 565 3986 qua·
601 3922 752 3972 Sardi
777 3922 1034 3984 montani,
1053 3919 1348 3970 deficiendo
1379 3934 1414 3970 a
1553 3925 1574 3950 ⁸
1604 3916 1846 3966 Sardinia
1866 3913 2203 3972 inmloeserm
2223 3909 2353 3972 eret]
2406 3911 2543 3968 Hnie

359 3997 630 4056 Romanis,
649 3995 1010 4048 imminuerant
1032 4005 1190 4057 atque
1203 4005 1410 4048 everte-1
1489 3994 1694 4049 scilieet
1730 3989 2081 4050 victoriarum,
2108 4002 2236 4052 quas
2276 3988 2542 4042 Graeclam

355 4081 500 4134 runt,
521 4073 764 4122 liberasse
785 4073 852 4124 ab
874 4086 1050 4125 eorum
1070 4073 1118 4122 vi
1137 4073 1408 4124 Gracchus
1487 4070 1556 4120 de
1577 4067 1753 4124 Sardis
1784 4069 2163 4127 reportaverat,
2183 4061 2393 4124 adjecta
2425 4071 2544 4113 erat

351 4149 676 4213 intelligatur
693 4163 710 4196 ε
743 4147 935 4199 Sardos
957 4145 1130 4198 etitem
1152 4149 1298 4208 elios,
1317 4148 1406 4210 qui
1485 4143 1651 4209 ligura
1674 4143 1787 4194 sive
1802 4139 2087 4202 descriptio
2106 4135 2375 4190 Sardinia.

353 4225 408 4278 in
427 4223 532 4278 fide
553 4233 610 4274 et
631 4224 880 4282 societste
905 4223 1252 4284 Romanorum
1265 4237 1412 4278 menz
