3177 4950
596 398 776 469 3570
1534 414 1606 461 τ.
1653 410 1842 463 mvn

596 558 793 624 mitti.
862 554 997 621 Sed
1024 556 1169 622 baec
1197 572 1318 639 pro
1346 574 1557 621 causa
1584 574 1738 621 mea
1765 556 1942 622 dicta
1969 558 2320 640 accipiatis
2353 558 2586 623 velim:
2629 558 2782 641 ipse

596 676 725 737 me,
744 658 967 743 quoad
996 658 1375 742 quisquam,
1398 658 1511 741 qui
1538 660 1876 725 exercitus
1897 658 2148 735 scribit,
2173 658 2482 723 idoneum
2505 659 2784 725 militem

584 760 943 843 judicabit,
988 778 1321 841 nunquam
1373 778 1525 823 suni
1574 766 2030 825 excusaturus.
2137 758 2450 824 Ordinem
2495 781 2634 843 quo
2677 780 2788 823 me

596 860 859 944 dignum
880 860 1185 942 judicent
1202 866 1231 897 ¹¹
1262 859 1511 925 tribuni
1538 860 1848 934 militum,
1875 861 2172 942 ipsorum
2197 866 2305 923 est
2326 864 2786 944 potestatis=⁸⁶

596 981 683 1027 ue
728 960 883 1045 quis
928 981 1034 1026 me
1084 963 1328 1026 virtute
1366 961 1433 1025 in
1478 961 1780 1027 exercitu
1827 966 2114 1044 praestet,
2143 960 2322 1025 dabo
2359 980 2665 1045 operam3
2711 970 2784 1027 et

596 1082 859 1146 semper
902 1066 1001 1129 ita
1037 1064 1280 1129 fecisse
1318 1070 1469 1129 me⁶
1511 1072 1581 1127 et
1609 1065 2048 1147 imperatores
2075 1063 2226 1139 mei,
2257 1068 2324 1127 et
2353 1065 2470 1145 qui
2503 1082 2633 1127 una
2661 1064 2782 1129 sti-

592 1166 833 1250 pendia
880 1166 1195 1242 fecerunt,
1246 1172 1456 1230 testes
1514 1171 1691 1230 sunt.
1808 1163 1956 1229 Vos
2006 1181 2276 1248 quoque
2323 1183 2590 1247 aequum
2649 1174 2778 1242 est,

592 1265 1101 1344 commilitones,
1144 1266 1275 1331 etsi
1324 1266 1796 1350 appellationis
1847 1266 2042 1329 vobis
2081 1267 2427 1348 usurpatis
2461 1266 2597 1347 jus,
2627 1286 2778 1331 cum

590 1368 1043 1433 adolescentes
1084 1367 1247 1432 nibil
1290 1368 1616 1432 adversus
1653 1368 2156 1448 magistratuum
2183 1376 2588 1449 senatusque
2617 1385 2780 1431 auc-

590 1472 917 1534 toritatem
967 1486 1251 1551 usquam
1273 1475 1291 1506 ¹
1339 1467 1656 1547 feceritis,
1685 1486 1862 1531 nunc
1903 1486 2171 1551 quoque
2205 1468 2272 1531 in
2313 1476 2644 1551 potestate
2674 1486 2781 1532 se-

586 1574 783 1634 natus
826 1590 911 1633 ac
962 1570 1307 1647 consulum
1354 1590 1533 1647 esse,
1586 1578 1661 1634 et
1710 1570 1934 1634 omnia
1981 1569 2264 1634 honesta
2309 1568 2463 1633 loca
2507 1570 2776 1647 ducere,

586 1672 829 1753 quibus
858 1690 993 1735 rem
1022 1669 1365 1753 publicam
1394 1669 1734 1735 defensuri
1765 1668 1960 1735 sitis?

670 1771 783 1836 35.
827 1770 1009 1837 Haec
1040 1772 1156 1837 ubi
1184 1772 1382 1849 dixit,
1413 1771 1874 1836 collaudatum
1904 1771 2132 1836 multis
2161 1772 2389 1836 verbis
2417 1773 2656 1837 consul
2681 1792 2778 1837 ex

585 1872 918 1937 concione
950 1874 1015 1937 in
1044 1880 1343 1937 senatum
1370 1872 1595 1937 duxit.
1687 1872 1800 1937 Ibi
1829 1892 2100 1956 quoque
2127 1874 2192 1937 ei
2233 1893 2322 1937 ex
2367 1876 2776 1939 auctoritate

584 1981 865 2039 senatus
892 1975 1119 2053 gratiae
1150 1980 1342 2050 actae,
1384 1974 1762 2056 tribunique
1791 1972 2114 2038 militares
2155 1976 2222 2039 in
2261 1976 2526 2056 legione
2560 1977 2776 2059 prima

580 2076 871 2157 primum
904 2074 1117 2155 pilum
1148 2074 1406 2139 virtutis
1436 2092 1648 2139 causa
1679 2074 1746 2140 ei
1775 2074 2214 2157 assignarunt.
2281 2073 2508 2140 Ceteri
2545 2082 2776 2141 centu-

580 2175 827 2251 rienes,
846 2174 1098 2239 omissa
1122 2173 1602 2258 appellatione,
1625 2174 1712 2239 ad
1731 2174 2066 2239 delectum
2089 2174 2471 2240 obedienter
2491 2194 2776 2260 respon-

582 2276 841 2340 derunt.
928 2274 1087 2355 Quo
1112 2274 1439 2339 maturius
1476 2274 1545 2339 in
1584 2274 1968 2357 provincias
2007 2276 2434 2359 magistratus
2462 2278 2774 2360 proficis-

582 2384 907 2455 cerentur,
953 2377 1211 2443 Latinae
1254 2372 1596 2443 Kalendis
1641 2375 1871 2441 Juniis
1911 2375 2189 2459 fuere31’
2253 2396 2470 2464 eoque
2509 2380 2772 2444 solenni

578 2479 895 2563 perfecto,
937 2479 1018 2545 G.
1056 2479 1411 2546 Lucretius
1454 2482 1720 2561 praetor,
1772 2479 2097 2556 omnibus,
2145 2499 2302 2563 quoe
2347 2479 2434 2544 ad
2485 2483 2768 2546 classem

580 2598 755 2661 opus
782 2585 984 2657 erant,
1028 2579 1418 2663 praemissis,
1452 2578 1872 2644 Brundisium
1917 2587 2021 2645 est
2058 2581 2424 2664 profectus.
2511 2581 2772 2648 Praeter

576 2697 699 2744 eos
756 2681 1127 2759 exercitus,
1185 2699 1359 2765 quos
1416 2679 1742 2744 consules
1788 2682 2288 2765 comparabant,
2337 2682 2416 2746 C.
2456 2683 2766 2770 Sulpicio

1486 2855 1852 2881 omnum

570 2989 759 3024 nomen
782 2973 1023 3038 regionis,
1045 2973 1099 3022 in
1122 2987 1224 3038 qua
1246 2972 1511 3034 stipendia
1530 2971 1740 3034 fecerit,
1757 2987 1809 3024 v·
1831 2987 1879 3024 c.
1895 2973 1952 3022 in
1973 2973 2140 3024 Asis?
2173 2975 2526 3035 nupera—ze
2555 2976 2573 3004 ⁴
2597 2974 2764 3025 Immo

570 3041 753 3098 ordine,
776 3040 941 3088 Grou.
958 3039 1052 3086 uini
1074 3046 1194 3102 pest
1214 3038 1427 3087 ordinm
1452 3039 1533 3088 vel
1555 3048 1676 3088 aute
1697 3039 1906 3101 ipserum
1927 3038 2200 3088 intercidit
2219 3039 2482 3102 «aigum.
2514 3039 2596 3088 vel
2619 3040 2768 3088 eteri-

568 3103 725 3164 inoere,
752 3102 968 3167 definire,
988 3105 1215 3157 statuere.
1240 3101 1391 3150 Crev.
1416 3109 1469 3150 et
1492 3103 1663 3152 Drak.
1687 3103 1813 3152 Mox
1836 3116 1903 3152 ex
1924 3103 2129 3152 emend.
2153 3103 2316 3154 Gron.
2350 3102 2489 3152 edidi
2509 3109 2559 3152 et
2581 3117 2764 3168 smper

568 3165 831 3224 itaseciue
856 3179 948 3226 pro
972 3171 1024 3214 ut
1044 3179 1084 3213 ι.
1107 3165 1142 3214 i.
1162 3165 1214 3222 s.
1262 3165 1453 3215 Vocem
1477 3167 1550 3215 itu
1570 3165 1851 3216 delendam
1868 3174 1921 3215 et
1932 3167 2006 3216 sic
2019 3165 2077 3216 τδ
2099 3173 2152 3216 ut
2174 3168 2498 3217 retinendum
2514 3167 2762 3218 censebat

571 3230 749 3288 (ἔτεκ’
802 3229 879 3278 Ra
914 3234 1005 3277 ert.
1071 3235 1087 3256 ‘
1126 3228 1374 3291 Equidem
1412 3228 1547 3278 bunc
1588 3231 1753 3280 locum
1797 3230 1860 3280 ad
1901 3231 2211 3281 anacolutba
2246 3231 2510 3281 retulerim
2532 3248 2550 3293 ;
2583 3233 2762 3282 Livius

568 3291 790 3343 fortasse
821 3307 879 3340 su
910 3291 1078 3354 Jicere
1117 3292 1327 3340 volebat
1365 3293 1470 3340 tale
1511 3292 1652 3356 quid,
1683 3293 1742 3343 ab
1779 3295 1982 3356 ipsorum
2013 3299 2249 3358 potestate
2278 3297 2478 3360 pendere
2489 3312 2509 3355 ,-
2542 3295 2633 3344 sed
2667 3297 2761 3346 im·

568 3371 765 3406 memor
782 3357 921 3405 vocis
945 3369 1097 3419 quem
1122 3354 1416 3416 scripu-nt,
1438 3357 1667 3416 ordinem,
1683 3357 1902 3420 siibjecit
1923 3359 2138 3422 aliquid,
2157 3363 2292 3423 qnod
2316 3359 2632 3426 precedenti
2645 3361 2760 3409 voci

568 3423 783 3471 ordinm
804 3435 905 3469 non
930 3418 1244 3483 respondet!
1276 3419 1605 3482 Durium-1
1648 3421 1863 3488 Usquam
1878 3425 2076 3472 mavult
2099 3424 2260 3473 Dralt.

1556 3589 1778 3649 ⁸0¹1·AE

627 3713 655 3744 ⁸
688 3707 918 3758 Ordines·
938 3722 1029 3770 que
1058 3721 1133 3757 ne
1161 3708 1359 3770 diguus·
1381 3705 1625 3774 judicent]
1704 3713 1872 3761 Malu
1893 3709 2040 3762 serlo
2064 3712 2263 3763 Latino
2284 3711 2338 3762 tu
2359 3721 2538 3763 mente
2551 3712 2760 3766 Alba-e

562 3783 813 3846 Exigeret
839 3783 1061 3844 vulgaris
1078 3785 1417 3846 constructio,
1440 3787 1624 3836 ordine·
1701 3788 2129 3838 eelebnbanturz
2179 3789 2309 3836 alias
2347 3789 2498 3851 longe
2537 3789 2756 3850 tardius.

566 3859 749 3910 Simile
766 3859 885 3908 huic
907 3857 1233 3909 Helleni-mo
1252 3860 1379 3910 illud
1397 3861 1621 3926 Virgilii.
1702 3866 1864 3914 veluti
1897 3863 1986 3914 lib.
2023 3875 2136 3914 ιιι.
2167 3878 2216 3913 c.
2251 3867 2330 3913 le.
2361 3873 2486 3915 unte
2505 3864 2644 3916 diem
2665 3879 2755 3918 ιιι.

563 3939 582 3966 ⁸
602 3935 713 3998 Me,
736 3947 838 3995 me,
857 3932 1037 3985 adsum
1060 3935 1151 3998 qui
1173 3933 1313 3986 feci.’
1701 3939 1882 3989 Nonas
1905 3939 2053 3990 Maii.
2091 3940 2160 3988 Et
2183 3939 2274 3988 lib.
2299 3951 2432 3990 xu-
2453 3955 2504 3991 c.
2523 3946 2574 3992 8.
2589 3941 2758 4007 (forte

623 4019 650 4044 ⁰
688 4011 753 4060 Et
772 4008 875 4074 [st]
894 4023 1077 4072 semper
1092 4009 1351 4066 itaseeisu
1366 4011 1467 4076 m]
1500 4011 1620 4062 Me·
1699 4019 1850 4063 extra
1869 4013 2126 4078 ordinem)
2151 4013 2353 4064 latine
2373 4016 2561 4066 edicte
2583 4030 2614 4065 a
2633 4031 2760 4069 eou-

557 4083 655 4134 lius
674 4089 723 4134 et
740 4097 941 4147 semper,
962 4096 1029 4132 ex
1052 4082 1217 4132 Gron.
1238 4087 1510 4136 sententia.
1699 4089 1808 4139 sule
1828 4096 1950 4138 suut
1971 4099 2092 4140 aute
2113 4099 2356 4154 quartum
2375 4101 2432 4144 et
2453 4094 2688 4158 tertium,
2699 4101 2758 4146 et

623 4166 651 4202 ν
672 4159 861 4208 Latina
884 4158 1121 4208 Kalendis
1134 4159 1465 4224 amics-uere]
1486 4163 1620 4214 Pos-
1699 4163 1870 4228 pridie
1892 4165 2019 4216 Idus
2045 4165 2368 4220 Novembris.-

561 4233 837 4284 terim-ibus
894 4233 1215 4296 temporibus
1252 4248 1304 4285 v.
1353 4236 1620 4288 Kalendas
