3177 4950
574 338 748 405 3616
1442 380 1449 387 ·
1524 350 1834 401 ‘1·.1.1v11
1919 374 1928 383 ·

574 496 995 563 Timotheum
1026 495 1355 579 quendam
1386 514 1474 559 ex
1503 496 1704 579 regiis
1731 494 2073 578 praefectis
2099 514 2248 560 eum
2275 496 2542 563 modica
2563 514 2768 565 manu

576 598 896 681 relinquit
923 594 1011 661 ad
1040 595 1356 675 Philam,⁰
1389 596 1659 678 jussum
1691 588 2046 679 Magnetas
2075 604 2145 661 et
2183 600 2594 683 propinquos
2621 608 2770 665 ten·

579 704 747 762 tare.
837 694 1013 761 Cum·
1050 695 1313 761 Pellam
1342 697 1662 774 venisset,
1693 699 2096 763 exercituin
2134 699 2424 783 hyberna
2463 699 2768 778 dimisso,

578 800 725 881 ipse
775 817 929 861 cum
965 797 1180 881 Cotye
1220 798 1766 863 Thessalonicam
1814 806 1922 863 est
1969 800 2338 883 profectus.
2425 800 2530 865 Eo
2580 800 2772 865 fama

580 899 873 978 affertur,
922 898 1251 964 Atlesbim
1290 900 1586 983 regulum
1626 900 1958 965 Thracum
1999 908 2073 965 et
2117 900 2478 983 Corragum
2523 901 2773 965 Eume-

580 1001 687 1065 nis
717 1000 1107 1083 praesectum
1136 1001 1204 1065 in
1235 999 1470 1083 Cotyis
1500 1001 1662 1066 finos
1691 1002 2017 1086 impetum
2041 1004 2290 1067 secisse
2307 1008 2374 1067 et
2400 1004 2766 1083 regionem,

582 1100 912 1165 Marenen
934 1108 963 1149 P
1028 1120 1231 1185 quam
1286 1112 1553 1178 vocant,
1604 1104 1888 1186 cepisse.
1973 1102 2244 1187 Itaque,
2297 1102 2770 1167 dimittendum

584 1201 801 1284 Cotyn
845 1201 930 1266 ad
976 1221 1101 1267 sua
1142 1203 1394 1267 tuenda
1434 1208 1640 1283 ratus,
1683 1205 1941 1287 magnis
1984 1194 2522 1287 proficiscentem
2567 1204 2770 1268 donis

580 1304 1026 1385 prosequitur.
1114 1304 1429 1369 Ducenta
1458 1304 1740 1381 talenta,
1769 1313 2088 1370 semestre
2121 1304 2554 1387 stipendium,
2581 1306 2770 1388 equi·

576 1404 747 1467 tatui
780 1409 1097 1482 numerat,
1120 1424 1269 1469 cum
1302 1406 1521 1487 primo
1550 1424 1833 1472 annuum
1868 1406 2024 1470 dare
2054 1407 2543 1471 constituisset.
2588 1405 2776 1470 Cou-

584 1506 717 1585 sul,
750 1512 1111 1589 postquam
1142 1507 1513 1588 profectum
1544 1506 1794 1572 Persea
1821 1508 2102 1584 audivit,
2144 1506 2231 1571 ad
2273 1506 2590 1571 Gonnum
2617 1526 2774 1572 cns-

580 1616 685 1671 tra
730 1606 976 1683 movet,
1022 1609 1081 1671 si
1121 1608 1324 1690 potiri
1370 1608 1626 1692 oppido
1670 1614 1918 1691 posset.
2005 1607 2188 1672 Ante
2232 1608 2389 1691 ipsa
2415 1606 2674 1689 Tempe
2701 1610 2778 1672 in

582 1708 890 1773 faucibus
921 1710 1116 1773 situm
1148 1707 1567 1773 Macedoniae
1613 1709 1902 1774 claustra
1947 1709 2282 1773 tutissima
2325 1710 2582 1792 praebet
2608 1709 2776 1773 etin

582 1807 1011 1873 Thessaliam
1034 1817 1493 1893 opportunum
1524 1809 2016 1874 Macedonibus
2045 1810 2422 1874 decursum.
2509 1807 2680 1874 Cum
2703 1817 2776 1873 et

581 1912 739 1976 loco
773 1918 845 1975 et
874 1911 1197 1993 praesidio
1219 1910 1448 1976 valido
1471 1908 2020 1994 inexpugnabilis
2043 1928 2156 1974 res
2175 1916 2432 1982 esset‚²0
2449 1916 2476 1955 ‘¹
2518 1910 2780 1975 abstitit

580 2014 873 2095 incepto.
918 2010 1003 2074 In
1023 2008 1469 2089 Perrhaebiam
1497 2012 1688 2075 flexis
1716 2012 2089 2087 itineribus,
2117 2008 2398 2076 Malloea
2419 2011 2631 2094 primo
2652 2012 2778 2075 im-

582 2118 748 2195 petu
779 2116 984 2193 capta
1012 2128 1094 2174 ac
1125 2112 1401 2193 direpta,
1431 2113 1996 2197 Tripolialiaque
2027 2111 2416 2176 Perrhaebia
2457 2114 2792 2196 recepta!

586 2212 929 2276 Larissam
959 2211 1173 2275 rediit.
1239 2211 1406 2276 Inde
1436 2214 1731 2277 Eumene
1761 2220 1962 2298 atque
1993 2212 2222 2279 Attalo
2252 2209 2518 2278 domum
2546 2217 2780 2279 remis—

590 2314 710 2389 sis,
746 2312 1153 2394 Misagenem
1187 2311 1653 2396 Numidasque
1683 2314 1750 2375 in
1781 2314 2072 2397 hyberna
2103 2315 2536 2396 inpro'ximis
2563 2314 2778 2379 Thes-

584 2416 748 2480 salis
769 2421 789 2451 ¹
832 2413 1109 2480 urbibus
1147 2413 1517 2495 distribuit3
1560 2419 1628 2479 et
1656 2424 1912 2498 partem
1941 2416 2270 2480 exercitus
2295 2415 2390 2478 ita
2419 2434 2538 2499 per
2565 2420 2776 2482 totam

590 2514 1014 2580 Thessaliam
1046 2515 1299 2591 divisit,
1322 2523 1400 2579 ut
1415 2521 1481 2578 et
1497 2515 1792 2599 hyberna
1814 2515 2166 2580 commoda
2187 2535 2418 2580 omnes
2434 2517 2780 2596 haberent,

591 2623 661 2679 et
687 2615 1008 2698 praesidio
1038 2615 1308 2679 urbibus
1334 2626 1578 2679 essent.
1671 2615 1763 2694 Q.
1789 2615 2089 2680 Mucium
2119 2619 2408 2698 legatum
2437 2636 2590 2682 cum
2612 2619 2780 2684 duo·

586 2717 719 2782 bus
748 2715 1042 2781 millibus
1071 2715 1158 2780 ad
1191 2716 1614 2782 obtinendam
1643 2715 2070 2782 Ambraciam
2099 2719 2296 2782 misit.
2363 2713 2776 2786 'Graecarum

592 2818 959 2883 civitatium
989 2819 1222 2883 socios
1262 2838 1491 2883 omnes
1533 2826 1771 2903 praeter
1795 2817 2088 2883 Achaeos
2115 2818 2390 2900 dimisit.
2463 2819 2632 2885 Cum
2657 2841 2776 2885 ex·

593 2919 839 2984 ercitus
879 2927 1069 3003 parte
1110 2919 1455 3004 profectus
1500 2921 1573 2984 in
1603 2919 1936 2985 Achaiam
1968 2918 2385 2999 Phthiotim,r
2425 2921 2734 2988 Pteleum
2757 2931 2778 2956 ⁸

646 3100 679 3140 s
706 3102 775 3148 Et
796 3101 907 3150 aliia
927 3101 1187 3152 Pers-abia
1208 3103 1321 3152 loeis
1338 3102 1543 3168 acceptis
1561 3103 1617 3152 in
1635 3104 1938 3156 deditionem.

1503 3243 1862 3266 mo„

664 3347 726 3394 19
758 3343 775 3372 ‘
800 3343 905 3393 Aut
929 3343 1031 3406 leg.
1056 3343 1285 3407 perpulit,
1323 3347 1413 3391 aut
1448 3342 1645 3392 excidit
1676 3343 1750 3391 ita
1783 3346 1865 3392 vel
1884 3345 2018 3407 adeo,
2053 3345 2135 3395 cui
2166 3351 2221 3394 ut
2242 3347 2586 3410 respondeat-⁹
2615 3351 2774 3400 Drak.

543 3423 556 3435 ·
601 3409 719 3460 Hoc
740 3407 887 3473 prob.
907 3407 1203 3459 noea—2⁰
1235 3407 1381 3471 Conj.
1404 3405 1567 3457 Gron.
1599 3407 1760 3470 inexp.
1779 3407 1892 3458 urbs
1911 3413 2140 3459 «εισι-1
2179 3410 2432 3462 Thaemb'oe
2452 3412 2620 3468 Gron.
2637 3415 2772 3466 Dou-

1568 3555 1622 3604 N
1629 3553 1790 3606 01·AE

653 3659 677 3684 ⁰
710 3651 789 3700 Aa
814 3649 1029 3712 Philum]
1077 3651 1217 3700 Urbs
1239 3651 1429 3702 Pieria
1454 3651 1505 3700 in
1526 3649 1644 3700 Ma·
1723 3657 1948 3701 tractum
1979 3651 2136 3700 fnisse
2170 3651 2280 3701 sive
2317 3659 2522 3714 partem
2549 3651 2770 3719 Odrysa-

589 3723 806 3780 eedonia
842 3726 905 3774 ad
936 3725 1155 3776 confinia
1186 3727 1468 3791 Magnesiae
1490 3727 1644 3776 Thes·
1725 3741 1855 3784 rum,
1880 3741 2095 3791 qnorum
2121 3740 2214 3776 rex
2237 3727 2418 3791 Cotys.

587 3805 757 3854 saliem
780 3801 1002 3864 regionis
1032 3817 1065 3851 a
1100 3803 1364 3853 Demetrio
1400 3802 1643 3866 Antigoni
1786 3809 1810 3844 (Ι
1847 3801 2232 3866 Inexpugnubt‘lis
2283 3817 2362 3851 reu
2407 3805 2558 3868 esset]
2609 3805 2768 3858 Immo

588 3880 698 3930 filio
716 3878 924 3928 condita
944 3893 961 3937 3
982 3891 1120 3926 nunc
1142 3878 1285 3928 Fello.
1721 3876 1851 3941 urbs,
1870 3885 1928 3927 ut
1947 3877 2108 3927 Gron.
2131 3871 2376 3927 advertit.
2397 3885 2404 3894 ·

654 3963 680 3999 n
716 3955 996 4017 Reginum,
1030 3953 1287 4018 Marenen]
1339 3955 1643 4004 Maroneam
1787 3959 1808 3987 ¹
1838 3953 1900 4003 In
1926 3954 2158 4004 Achaion
2177 3951 2470 4016 Phthiotis-J
2509 3954 2629 4006 Jam
2652 3963 2772 4008 ante

584 4031 817 4081 Thracio
862 4030 1041 4078 urbem
1096 4034 1289 4078 norunt
1328 4029 1640 4092 geographix
1721 4025 2048 4078 observatum
2082 4034 2165 4077 est
2197 4025 2472 4078 Phthiota·
2501 4029 2774 4082 Thessalos

587 4105 843 4155 Marenen
878 4105 1135 4166 regionem
1168 4105 1221 4153 in
1260 4103 1441 4154 eadem
1480 4105 1641 4155 Thra·
1721 4103 1876 4153 etiam
1901 4100 2120 4153 Atheos
2140 4099 2298 4152 fuisse
2321 4104 2630 4165 appellatos.

587 4179 668 4230 cia
684 4177 817 4228 haud
842 4187 1143 4230 memorant.
1211 4179 1445 4245 Apparet
1466 4189 1639 4232 tamen
1785 4187 1806 4212 ⁸
1832 4176 2072 4242 Pteleon]
2126 4175 2266 4227 Urbe
2305 4177 2618 4230 Phthiotidis
2673 4177 2770 4230 fnit
