<?xml version="1.0" encoding="UTF-8"?>
<!DOCTYPE html PUBLIC "-//W3C//DTD XHTML 1.0 Transitional//EN"
    "http://www.w3.org/TR/xhtml1/DTD/xhtml1-transitional.dtd">
<html xmlns="http://www.w3.org/1999/xhtml" xml:lang="en" lang="en">
 <head>
  <title>
</title>
<meta http-equiv="Content-Type" content="text/html;charset=utf-8" />
  <meta name='ocr-system' content='tesseract 3.04.00' />
  <meta name='ocr-capabilities' content='ocr_page ocr_carea ocr_par ocr_line ocrx_word'/>
</head>
<body>
  <div class='ocr_page' id='page_1' title='image "./tliviipatavinih10rupegoog_0099.png"; bbox 0 0 3177 4950; ppageno 0'>
   <div class='ocr_carea' id='block_1_1' title="bbox 1315 442 2589 511">
    <p class='ocr_par' dir='ltr' id='par_1_1' title="bbox 1315 442 2589 511">
     <span class='ocr_line' id='line_1_1' title="bbox 1315 442 2589 511; baseline 0 -1"><span class='ocrx_word' id='word_1_1' title='bbox 1315 462 1461 511; x_wconf 78' lang='lat' dir='ltr'><strong>ms.</strong></span> <span class='ocrx_word' id='word_1_2' title='bbox 1505 460 1668 511; x_wconf 74' lang='lat' dir='ltr'><strong>xm.</strong></span> <span class='ocrx_word' id='word_1_3' title='bbox 2416 442 2589 510; x_wconf 77' lang='lat'>3467</span> 
     </span>
    </p>
   </div>
   <div class='ocr_carea' id='block_1_2' title="bbox 255 598 2579 4218">
    <p class='ocr_par' dir='ltr' id='par_1_2' title="bbox 353 598 2579 2693">
     <span class='ocr_line' id='line_1_2' title="bbox 364 598 2261 682; baseline -0.002 -18"><span class='ocrx_word' id='word_1_4' title='bbox 364 620 602 665; x_wconf 81' lang='lat' dir='ltr'><strong>causam</strong></span> <span class='ocrx_word' id='word_1_5' title='bbox 657 601 770 682; x_wconf 84' lang='lat' dir='ltr'><strong>ipsi</strong></span> <span class='ocrx_word' id='word_1_6' title='bbox 801 598 1030 661; x_wconf 84' lang='lat' dir='ltr'><strong>dedisse</strong></span> <span class='ocrx_word' id='word_1_7' title='bbox 1099 600 1454 671; x_wconf 82' lang='lat' dir='ltr'><strong>viderentur,</strong></span> <span class='ocrx_word' id='word_1_8' title='bbox 1509 600 1807 682; x_wconf 85' lang='lat' dir='ltr'><strong>postulata</strong></span> <span class='ocrx_word' id='word_1_9' title='bbox 1845 602 1901 659; x_wconf 90' lang='lat' dir='ltr'><strong>ei</strong></span> <span class='ocrx_word' id='word_1_10' title='bbox 1976 618 2081 659; x_wconf 84' lang='lat' dir='ltr'><strong>sua</strong></span> <span class='ocrx_word' id='word_1_11' title='bbox 2120 620 2261 661; x_wconf 86' lang='lat' dir='ltr'><strong>con·-</strong></span> 
     </span>
     <span class='ocr_line' id='line_1_3' title="bbox 365 696 2261 779; baseline -0.002 -21"><span class='ocrx_word' id='word_1_12' title='bbox 365 706 678 759; x_wconf 78' lang='lat' dir='ltr'><strong>cesserunt.</strong></span> <span class='ocrx_word' id='word_1_13' title='bbox 761 698 1016 757; x_wconf 82' lang='lat' dir='ltr'><strong>Perseus</strong></span> <span class='ocrx_word' id='word_1_14' title='bbox 1055 697 1166 757; x_wconf 85' lang='lat' dir='ltr'><strong>hoc</strong></span> <span class='ocrx_word' id='word_1_15' title='bbox 1201 707 1450 778; x_wconf 84' lang='lat' dir='ltr'><strong>accepto</strong></span> <span class='ocrx_word' id='word_1_16' title='bbox 1493 716 1766 779; x_wconf 82' lang='lat' dir='ltr'><strong>responso</strong></span> <span class='ocrx_word' id='word_1_17' title='bbox 1792 696 2085 757; x_wconf 84' lang='lat' dir='ltr'><strong>firmatum</strong></span> <span class='ocrx_word' id='word_1_18' title='bbox 2127 699 2261 775; x_wconf 88' lang='lat' dir='ltr'><strong>jam</strong></span> 
     </span>
     <span class='ocr_line' id='line_1_4' title="bbox 366 794 2263 875; baseline 0 -22"><span class='ocrx_word' id='word_1_19' title='bbox 366 797 604 855; x_wconf 85' lang='lat' dir='ltr'><strong>omnino</strong></span> <span class='ocrx_word' id='word_1_20' title='bbox 626 795 737 853; x_wconf 85' lang='lat' dir='ltr'><strong>sibi</strong></span> <span class='ocrx_word' id='word_1_21' title='bbox 763 814 1004 873; x_wconf 79' lang='lat' dir='ltr'><strong>regnum</strong></span> <span class='ocrx_word' id='word_1_22' title='bbox 1021 795 1391 867; x_wconf 85' lang='lat' dir='ltr'><strong>existimans,</strong></span> <span class='ocrx_word' id='word_1_23' title='bbox 1419 814 1562 875; x_wconf 74' lang='lat' dir='ltr'><strong>opes</strong></span> <span class='ocrx_word' id='word_1_24' title='bbox 1594 795 1753 875; x_wconf 88' lang='lat' dir='ltr'><strong>apud</strong></span> <span class='ocrx_word' id='word_1_25' title='bbox 1774 794 2021 855; x_wconf 71' lang='lat' dir='ltr'><strong>Graecos</strong></span> <span class='ocrx_word' id='word_1_26' title='bbox 2054 814 2263 875; x_wconf 79' lang='lat' dir='ltr'><strong>parare</strong></span> 
     </span>
     <span class='ocr_line' id='line_1_5' title="bbox 365 889 2259 971; baseline -0.001 -21"><span class='ocrx_word' id='word_1_27' title='bbox 365 891 588 950; x_wconf 72' lang='lat' dir='ltr'><strong>stawit.</strong></span> <span class='ocrx_word' id='word_1_28' title='bbox 641 889 912 970; x_wconf 84' lang='lat' dir='ltr'><strong>Cupidus</strong></span> <span class='ocrx_word' id='word_1_29' title='bbox 939 910 1080 968; x_wconf 79' lang='lat' dir='ltr'><strong>ergo</strong></span> <span class='ocrx_word' id='word_1_30' title='bbox 1092 890 1508 971; x_wconf 71' lang='lat' dir='ltr'><strong>comparandae</strong></span> <span class='ocrx_word' id='word_1_31' title='bbox 1529 910 1729 951; x_wconf 86' lang='lat' dir='ltr'><strong>eorum</strong></span> <span class='ocrx_word' id='word_1_32' title='bbox 1758 890 2057 962; x_wconf 71' lang='lat' dir='ltr'><strong>amicitiae,</strong></span> <span class='ocrx_word' id='word_1_33' title='bbox 2085 900 2259 970; x_wconf 86' lang='lat' dir='ltr'><strong>quot-</strong></span> 
     </span>
     <span class='ocr_line' id='line_1_6' title="bbox 363 984 2579 1065; baseline 0.002 -22"><span class='ocrx_word' id='word_1_34' title='bbox 363 994 511 1063; x_wconf 84' lang='lat' dir='ltr'><strong>quot</strong></span> <span class='ocrx_word' id='word_1_35' title='bbox 531 984 663 1043; x_wconf 83' lang='lat' dir='ltr'><strong>aeris</strong></span> <span class='ocrx_word' id='word_1_36' title='bbox 701 985 876 1044; x_wconf 87' lang='lat' dir='ltr'><strong>alieni</strong></span> <span class='ocrx_word' id='word_1_37' title='bbox 901 1004 1106 1055; x_wconf 87' lang='lat' dir='ltr'><strong>causa,</strong></span> <span class='ocrx_word' id='word_1_38' title='bbox 1135 997 1241 1046; x_wconf 84' lang='lat' dir='ltr'><strong>aut</strong></span> <span class='ocrx_word' id='word_1_39' title='bbox 1254 984 1490 1065; x_wconf 64' lang='lat' dir='ltr'><strong>⁸iudicio</strong></span> <span class='ocrx_word' id='word_1_40' title='bbox 1513 984 1887 1047; x_wconf 75' lang='lat' dir='ltr'><strong>condemnati</strong></span> <span class='ocrx_word' id='word_1_41' title='bbox 1910 986 2102 1046; x_wconf 88' lang='lat' dir='ltr'><strong>solum</strong></span> <span class='ocrx_word' id='word_1_42' title='bbox 2128 1004 2259 1045; x_wconf 81' lang='lat' dir='ltr'><strong>ver·</strong></span> <span class='ocrx_word' id='word_1_43' title='bbox 2303 998 2477 1061; x_wconf 76' lang='lat' dir='ltr'><strong>Polyb.</strong></span> <span class='ocrx_word' id='word_1_44' title='bbox 2491 998 2579 1047; x_wconf 75' lang='lat' dir='ltr'><strong>Ex-</strong></span> 
     </span>
     <span class='ocr_line' id='line_1_7' title="bbox 359 1063 2515 1177; baseline 0 -38"><span class='ocrx_word' id='word_1_45' title='bbox 359 1088 575 1150; x_wconf 71' lang='lat' dir='ltr'><strong>ierant,</strong></span> <span class='ocrx_word' id='word_1_46' title='bbox 635 1079 854 1159; x_wconf 86' lang='lat' dir='ltr'><strong>quique</strong></span> <span class='ocrx_word' id='word_1_47' title='bbox 917 1081 997 1139; x_wconf 91' lang='lat' dir='ltr'><strong>ob</strong></span> <span class='ocrx_word' id='word_1_48' title='bbox 1063 1084 1388 1159; x_wconf 84' lang='lat' dir='ltr'><strong>majestatis</strong></span> <span class='ocrx_word' id='word_1_49' title='bbox 1450 1082 1697 1141; x_wconf 84' lang='lat' dir='ltr'><strong>crimina</strong></span> <span class='ocrx_word' id='word_1_50' title='bbox 1748 1081 2109 1141; x_wconf 82' lang='lat' dir='ltr'><strong>Macedonia</strong></span> <span class='ocrx_word' id='word_1_51' title='bbox 2150 1100 2257 1140; x_wconf 85' lang='lat' dir='ltr'><strong>ex·</strong></span> <span class='ocrx_word' id='word_1_52' title='bbox 2282 1063 2515 1177; x_wconf 45' lang='grc' dir='ltr'><strong>ξῗιξζζΐ·</strong></span> 
     </span>
     <span class='ocr_line' id='line_1_8' title="bbox 359 1175 2562 1250; baseline 0.003 -15"><span class='ocrx_word' id='word_1_53' title='bbox 359 1186 671 1242; x_wconf 82' lang='lat' dir='ltr'><strong>cesserant,</strong></span> <span class='ocrx_word' id='word_1_54' title='bbox 717 1175 1014 1236; x_wconf 80' lang='lat' dir='ltr'><strong>universos</strong></span> <span class='ocrx_word' id='word_1_55' title='bbox 1057 1176 1118 1235; x_wconf 94' lang='lat' dir='ltr'><strong>in</strong></span> <span class='ocrx_word' id='word_1_56' title='bbox 1173 1176 1591 1237; x_wconf 77' lang='lat' dir='ltr'><strong>Macedoniam</strong></span> <span class='ocrx_word' id='word_1_57' title='bbox 1632 1186 1892 1250; x_wconf 81' lang='lat' dir='ltr'><strong>revocat,</strong></span> <span class='ocrx_word' id='word_1_58' title='bbox 1936 1177 2147 1237; x_wconf 86' lang='lat' dir='ltr'><strong>edictis</strong></span> <span class='ocrx_word' id='word_1_59' title='bbox 2196 1178 2257 1234; x_wconf 90' lang='lat' dir='ltr'><strong>iu</strong></span> <span class='ocrx_word' id='word_1_60' title='bbox 2283 1191 2385 1241; x_wconf 84' lang='lat' dir='ltr'><strong>vit.</strong></span> <span class='ocrx_word' id='word_1_61' title='bbox 2412 1206 2562 1241; x_wconf 64' lang='lat' dir='ltr'><strong>xxvi.</strong></span> 
     </span>
     <span class='ocr_line' id='line_1_9' title="bbox 359 1270 2255 1353; baseline 0.002 -25"><span class='ocrx_word' id='word_1_62' title='bbox 359 1270 554 1330; x_wconf 85' lang='lat' dir='ltr'><strong>insula</strong></span> <span class='ocrx_word' id='word_1_63' title='bbox 589 1270 772 1341; x_wconf 87' lang='lat' dir='ltr'><strong>Delo,</strong></span> <span class='ocrx_word' id='word_1_64' title='bbox 815 1291 888 1331; x_wconf 86' lang='lat' dir='ltr'><strong>ac</strong></span> <span class='ocrx_word' id='word_1_65' title='bbox 933 1270 1208 1351; x_wconf 85' lang='lat' dir='ltr'><strong>Delphis,</strong></span> <span class='ocrx_word' id='word_1_66' title='bbox 1253 1282 1316 1331; x_wconf 87' lang='lat' dir='ltr'><strong>et</strong></span> <span class='ocrx_word' id='word_1_67' title='bbox 1359 1274 1418 1331; x_wconf 89' lang='lat' dir='ltr'><strong>in</strong></span> <span class='ocrx_word' id='word_1_68' title='bbox 1463 1271 1688 1353; x_wconf 80' lang='lat' dir='ltr'><strong>templo</strong></span> <span class='ocrx_word' id='word_1_69' title='bbox 1726 1272 1939 1333; x_wconf 81' lang='lat' dir='ltr'><strong>ltoniae</strong></span> <span class='ocrx_word' id='word_1_70' title='bbox 1966 1272 2255 1331; x_wconf 66' lang='lat' dir='ltr'><strong>Minerva</strong></span> 
     </span>
     <span class='ocr_line' id='line_1_10' title="bbox 360 1365 2257 1450; baseline 0.002 -26"><span class='ocrx_word' id='word_1_71' title='bbox 360 1365 560 1445; x_wconf 86' lang='lat' dir='ltr'><strong>palam</strong></span> <span class='ocrx_word' id='word_1_72' title='bbox 614 1367 944 1446; x_wconf 83' lang='lat' dir='ltr'><strong>propositis,</strong></span> <span class='ocrx_word' id='word_1_73' title='bbox 1000 1368 1216 1447; x_wconf 87' lang='lat' dir='ltr'><strong>quibus</strong></span> <span class='ocrx_word' id='word_1_74' title='bbox 1266 1368 1382 1427; x_wconf 89' lang='lat' dir='ltr'><strong>non</strong></span> <span class='ocrx_word' id='word_1_75' title='bbox 1438 1369 1616 1429; x_wconf 89' lang='lat' dir='ltr'><strong>modo</strong></span> <span class='ocrx_word' id='word_1_76' title='bbox 1668 1368 2099 1450; x_wconf 72' lang='lat' dir='ltr'><strong>impunitatem,</strong></span> <span class='ocrx_word' id='word_1_77' title='bbox 2152 1367 2257 1427; x_wconf 88' lang='lat' dir='ltr'><strong>sed</strong></span> 
     </span>
     <span class='ocr_line' id='line_1_11' title="bbox 360 1461 2257 1536; baseline 0.005 -16"><span class='ocrx_word' id='word_1_78' title='bbox 360 1461 540 1521; x_wconf 82' lang='lat' dir='ltr'><strong>etiam</strong></span> <span class='ocrx_word' id='word_1_79' title='bbox 582 1462 864 1521; x_wconf 86' lang='lat' dir='ltr'><strong>bonorum</strong></span> <span class='ocrx_word' id='word_1_80' title='bbox 905 1464 1168 1523; x_wconf 87' lang='lat' dir='ltr'><strong>omnium</strong></span> <span class='ocrx_word' id='word_1_81' title='bbox 1204 1464 1651 1536; x_wconf 83' lang='lat' dir='ltr'><strong>restitutionem,</strong></span> <span class='ocrx_word' id='word_1_82' title='bbox 1689 1484 1825 1525; x_wconf 89' lang='lat' dir='ltr'><strong>cum</strong></span> <span class='ocrx_word' id='word_1_83' title='bbox 1860 1464 2147 1525; x_wconf 83' lang='lat' dir='ltr'><strong>fructibus</strong></span> <span class='ocrx_word' id='word_1_84' title='bbox 2178 1470 2257 1529; x_wconf 91' lang='lat' dir='ltr'><strong>ab</strong></span> 
     </span>
     <span class='ocr_line' id='line_1_12' title="bbox 358 1558 2254 1638; baseline 0.003 -23"><span class='ocrx_word' id='word_1_85' title='bbox 358 1576 432 1616; x_wconf 89' lang='lat' dir='ltr'><strong>eo</strong></span> <span class='ocrx_word' id='word_1_86' title='bbox 455 1566 716 1638; x_wconf 86' lang='lat' dir='ltr'><strong>tempore</strong></span> <span class='ocrx_word' id='word_1_87' title='bbox 740 1576 818 1616; x_wconf 82' lang='lat' dir='ltr'><strong>ex</strong></span> <span class='ocrx_word' id='word_1_88' title='bbox 844 1577 964 1636; x_wconf 91' lang='lat' dir='ltr'><strong>quo</strong></span> <span class='ocrx_word' id='word_1_89' title='bbox 987 1558 1235 1638; x_wconf 81' lang='lat' dir='ltr'><strong>quisque</strong></span> <span class='ocrx_word' id='word_1_90' title='bbox 1261 1559 1531 1619; x_wconf 74' lang='lat' dir='ltr'><strong>exularet</strong></span> <span class='ocrx_word' id='word_1_91' title='bbox 1553 1558 1949 1631; x_wconf 77' lang='lat' dir='ltr'><strong>redeuntibus,</strong></span> <span class='ocrx_word' id='word_1_92' title='bbox 1966 1562 2254 1621; x_wconf 83' lang='lat' dir='ltr'><strong>concede-</strong></span> 
     </span>
     <span class='ocr_line' id='line_1_13' title="bbox 357 1652 2255 1737; baseline 0.004 -26"><span class='ocrx_word' id='word_1_93' title='bbox 357 1653 481 1711; x_wconf 80' lang='lat' dir='ltr'><strong>bat.</strong></span> <span class='ocrx_word' id='word_1_94' title='bbox 570 1652 692 1712; x_wconf 88' lang='lat' dir='ltr'><strong>Sed</strong></span> <span class='ocrx_word' id='word_1_95' title='bbox 733 1662 796 1713; x_wconf 86' lang='lat' dir='ltr'><strong>et</strong></span> <span class='ocrx_word' id='word_1_96' title='bbox 837 1654 910 1711; x_wconf 87' lang='lat' dir='ltr'><strong>iis</strong></span> <span class='ocrx_word' id='word_1_97' title='bbox 951 1652 1054 1733; x_wconf 91' lang='lat' dir='ltr'><strong>qui</strong></span> <span class='ocrx_word' id='word_1_98' title='bbox 1100 1655 1162 1713; x_wconf 91' lang='lat' dir='ltr'><strong>in</strong></span> <span class='ocrx_word' id='word_1_99' title='bbox 1206 1653 1570 1713; x_wconf 85' lang='lat' dir='ltr'><strong>Macedonia</strong></span> <span class='ocrx_word' id='word_1_100' title='bbox 1618 1652 1934 1733; x_wconf 76' lang='lat' dir='ltr'><strong>degebant,</strong></span> <span class='ocrx_word' id='word_1_101' title='bbox 1976 1657 2255 1737; x_wconf 87' lang='lat' dir='ltr'><strong>quicquid</strong></span> 
     </span>
     <span class='ocr_line' id='line_1_14' title="bbox 355 1746 2257 1830; baseline 0.004 -26"><span class='ocrx_word' id='word_1_102' title='bbox 355 1746 688 1807; x_wconf 82' lang='lat' dir='ltr'><strong>debebatur</strong></span> <span class='ocrx_word' id='word_1_103' title='bbox 713 1746 880 1817; x_wconf 83' lang='lat' dir='ltr'><strong>fisco,</strong></span> <span class='ocrx_word' id='word_1_104' title='bbox 901 1748 1160 1818; x_wconf 75' lang='lat' dir='ltr'>remisit:</span> <span class='ocrx_word' id='word_1_105' title='bbox 1204 1758 1562 1829; x_wconf 55' lang='lat' dir='ltr'><strong>cunctoque</strong></span> <span class='ocrx_word' id='word_1_106' title='bbox 1586 1751 1666 1809; x_wconf 91' lang='lat' dir='ltr'><strong>ob</strong></span> <span class='ocrx_word' id='word_1_107' title='bbox 1690 1750 1911 1809; x_wconf 82' lang='lat' dir='ltr'>crimen</span> <span class='ocrx_word' id='word_1_108' title='bbox 1935 1754 2257 1830; x_wconf 85' lang='lat' dir='ltr'><strong>majestatis</strong></span> 
     </span>
     <span class='ocr_line' id='line_1_15' title="bbox 357 1841 2257 1907; baseline 0.003 -7"><span class='ocrx_word' id='word_1_109' title='bbox 357 1843 584 1901; x_wconf 81' lang='lat' dir='ltr'><strong>vinctos</strong></span> <span class='ocrx_word' id='word_1_110' title='bbox 625 1841 918 1902; x_wconf 80' lang='lat' dir='ltr'><strong>liberavit.</strong></span> <span class='ocrx_word' id='word_1_111' title='bbox 1003 1844 1128 1903; x_wconf 89' lang='lat' dir='ltr'><strong>His</strong></span> <span class='ocrx_word' id='word_1_112' title='bbox 1169 1845 1340 1904; x_wconf 86' lang='lat' dir='ltr'><strong>rebus</strong></span> <span class='ocrx_word' id='word_1_113' title='bbox 1373 1864 1510 1904; x_wconf 89' lang='lat' dir='ltr'><strong>cum</strong></span> <span class='ocrx_word' id='word_1_114' title='bbox 1545 1844 1863 1905; x_wconf 85' lang='lat' dir='ltr'><strong>multorum</strong></span> <span class='ocrx_word' id='word_1_115' title='bbox 1901 1848 2127 1906; x_wconf 84' lang='lat' dir='ltr'><strong>animos</strong></span> <span class='ocrx_word' id='word_1_116' title='bbox 2150 1856 2257 1907; x_wconf 83' lang='lat' dir='ltr'><strong>&#39;ar-</strong></span> 
     </span>
     <span class='ocr_line' id='line_1_16' title="bbox 357 1936 2253 2023; baseline 0.003 -28"><span class='ocrx_word' id='word_1_117' title='bbox 357 1938 622 2009; x_wconf 67' lang='lat' dir='ltr'><strong>reximet,</strong></span> <span class='ocrx_word' id='word_1_118' title='bbox 651 1936 950 1997; x_wconf 73' lang='lat' dir='ltr'><strong>Graeeiam</strong></span> <span class='ocrx_word' id='word_1_119' title='bbox 989 1939 1050 1998; x_wconf 88' lang='lat' dir='ltr'><strong>in</strong></span> <span class='ocrx_word' id='word_1_120' title='bbox 1091 1959 1154 1998; x_wconf 86' lang='lat' dir='ltr'><strong>se</strong></span> <span class='ocrx_word' id='word_1_121' title='bbox 1195 1942 1487 2000; x_wconf 81' lang='lat' dir='ltr'><strong>convertit</strong></span> <span class='ocrx_word' id='word_1_122' title='bbox 1523 1958 1756 2000; x_wconf 88' lang='lat' dir='ltr'><strong>omnem</strong></span> <span class='ocrx_word' id='word_1_123' title='bbox 1796 1950 1861 2001; x_wconf 87' lang='lat' dir='ltr'><strong>et</strong></span> <span class='ocrx_word' id='word_1_124' title='bbox 1898 1960 2112 2019; x_wconf 82' lang='lat' dir='ltr'><strong>mag-na</strong></span> <span class='ocrx_word' id='word_1_125' title='bbox 2151 1962 2253 2023; x_wconf 85' lang='lat' dir='ltr'><strong>spe</strong></span> 
     </span>
     <span class='ocr_line' id='line_1_17' title="bbox 357 2032 2253 2117; baseline 0.004 -27"><span class='ocrx_word' id='word_1_126' title='bbox 357 2032 639 2112; x_wconf 86' lang='lat' dir='ltr'><strong>implevit.</strong></span> <span class='ocrx_word' id='word_1_127' title='bbox 709 2033 873 2099; x_wconf 82' lang='lat' dir='ltr'><strong>Quin</strong></span> <span class='ocrx_word' id='word_1_128' title='bbox 909 2034 1092 2093; x_wconf 85' lang='lat' dir='ltr'><strong>etiam</strong></span> <span class='ocrx_word' id='word_1_129' title='bbox 1126 2034 1186 2093; x_wconf 89' lang='lat' dir='ltr'><strong>in</strong></span> <span class='ocrx_word' id='word_1_130' title='bbox 1222 2042 1350 2095; x_wconf 83' lang='lat' dir='ltr'><strong>toto</strong></span> <span class='ocrx_word' id='word_1_131' title='bbox 1387 2035 1630 2114; x_wconf 80' lang='lat' dir='ltr'><strong>reliquoe</strong></span> <span class='ocrx_word' id='word_1_132' title='bbox 1657 2036 1799 2095; x_wconf 79' lang='lat' dir='ltr'><strong>vitae</strong></span> <span class='ocrx_word' id='word_1_133' title='bbox 1837 2036 1999 2096; x_wconf 85' lang='lat' dir='ltr'><strong>cultu</strong></span> <span class='ocrx_word' id='word_1_134' title='bbox 2034 2039 2253 2117; x_wconf 80' lang='lat' dir='ltr'><strong>regiam</strong></span> 
     </span>
     <span class='ocr_line' id='line_1_18' title="bbox 355 2134 2253 2215; baseline 0.002 -22"><span class='ocrx_word' id='word_1_135' title='bbox 355 2134 696 2212; x_wconf 79' lang='lat' dir='ltr'><strong>dignitatem</strong></span> <span class='ocrx_word' id='word_1_136' title='bbox 746 2136 1039 2195; x_wconf 81' lang='lat' dir='ltr'><strong>tuebatur.</strong></span> <span class='ocrx_word' id='word_1_137' title='bbox 1110 2134 1281 2195; x_wconf 84' lang='lat' dir='ltr'><strong>Nam</strong></span> <span class='ocrx_word' id='word_1_138' title='bbox 1327 2144 1389 2195; x_wconf 87' lang='lat' dir='ltr'><strong>et</strong></span> <span class='ocrx_word' id='word_1_139' title='bbox 1437 2136 1663 2215; x_wconf 86' lang='lat' dir='ltr'><strong>species</strong></span> <span class='ocrx_word' id='word_1_140' title='bbox 1710 2145 1842 2196; x_wconf 84' lang='lat' dir='ltr'><strong>erat</strong></span> <span class='ocrx_word' id='word_1_141' title='bbox 1884 2136 2147 2208; x_wconf 85' lang='lat' dir='ltr'><strong>honesta,</strong></span> <span class='ocrx_word' id='word_1_142' title='bbox 2191 2146 2253 2196; x_wconf 80' lang='lat' dir='ltr'><strong>et</strong></span> 
     </span>
     <span class='ocr_line' id='line_1_19' title="bbox 353 2229 2250 2311; baseline 0.001 -22"><span class='ocrx_word' id='word_1_143' title='bbox 353 2248 568 2310; x_wconf 85' lang='lat' dir='ltr'><strong>corpus</strong></span> <span class='ocrx_word' id='word_1_144' title='bbox 604 2231 681 2290; x_wconf 87' lang='lat' dir='ltr'><strong>ad</strong></span> <span class='ocrx_word' id='word_1_145' title='bbox 707 2231 920 2290; x_wconf 81' lang='lat' dir='ltr'><strong>omnia</strong></span> <span class='ocrx_word' id='word_1_146' title='bbox 957 2229 1102 2290; x_wconf 86' lang='lat' dir='ltr'><strong>belli</strong></span> <span class='ocrx_word' id='word_1_147' title='bbox 1137 2231 1416 2311; x_wconf 86' lang='lat' dir='ltr'><strong>pacisque</strong></span> <span class='ocrx_word' id='word_1_148' title='bbox 1447 2231 1653 2290; x_wconf 88' lang='lat' dir='ltr'><strong>munia</strong></span> <span class='ocrx_word' id='word_1_149' title='bbox 1688 2229 1962 2291; x_wconf 85' lang='lat' dir='ltr'><strong>obeunda</strong></span> <span class='ocrx_word' id='word_1_150' title='bbox 1986 2231 2250 2291; x_wconf 83' lang='lat' dir='ltr'><strong>validum</strong></span> 
     </span>
     <span class='ocr_line' id='line_1_20' title="bbox 353 2326 2251 2406; baseline 0.001 -21"><span class='ocrx_word' id='word_1_151' title='bbox 353 2334 417 2385; x_wconf 88' lang='lat' dir='ltr'><strong>et</strong></span> <span class='ocrx_word' id='word_1_152' title='bbox 439 2326 662 2398; x_wconf 84' lang='lat' dir='ltr'><strong>habile,</strong></span> <span class='ocrx_word' id='word_1_153' title='bbox 691 2336 754 2386; x_wconf 86' lang='lat' dir='ltr'><strong>et</strong></span> <span class='ocrx_word' id='word_1_154' title='bbox 776 2326 988 2387; x_wconf 81' lang='lat' dir='ltr'><strong>frontis</strong></span> <span class='ocrx_word' id='word_1_155' title='bbox 1009 2347 1082 2387; x_wconf 87' lang='lat' dir='ltr'><strong>ac</strong></span> <span class='ocrx_word' id='word_1_156' title='bbox 1106 2326 1403 2406; x_wconf 83' lang='lat' dir='ltr'><strong>supercilii</strong></span> <span class='ocrx_word' id='word_1_157' title='bbox 1423 2326 1643 2387; x_wconf 86' lang='lat' dir='ltr'><strong>decora</strong></span> <span class='ocrx_word' id='word_1_158' title='bbox 1667 2335 1911 2387; x_wconf 80' lang='lat' dir='ltr'><strong>maturae</strong></span> <span class='ocrx_word' id='word_1_159' title='bbox 1926 2329 2059 2405; x_wconf 82' lang='lat' dir='ltr'><strong>jam</strong></span> <span class='ocrx_word' id='word_1_160' title='bbox 2086 2330 2251 2387; x_wconf 79' lang='lat' dir='ltr'><strong>aetati</strong></span> 
     </span>
     <span class='ocr_line' id='line_1_21' title="bbox 353 2420 2251 2504; baseline 0.001 -23"><span class='ocrx_word' id='word_1_161' title='bbox 353 2423 649 2500; x_wconf 76' lang='lat' dir='ltr'><strong>majestas.</strong></span> <span class='ocrx_word' id='word_1_162' title='bbox 719 2420 898 2482; x_wconf 80' lang='lat' dir='ltr'><strong>Nihil</strong></span> <span class='ocrx_word' id='word_1_163' title='bbox 925 2423 1082 2504; x_wconf 60' lang='lat' dir='ltr'><strong>inpo</strong></span> <span class='ocrx_word' id='word_1_164' title='bbox 1101 2428 1360 2503; x_wconf 80' lang='lat' dir='ltr'><strong>paternae</strong></span> <span class='ocrx_word' id='word_1_165' title='bbox 1385 2421 1668 2492; x_wconf 72' lang='lat' dir='ltr'><strong>lasciviae,</strong></span> <span class='ocrx_word' id='word_1_166' title='bbox 1686 2421 2005 2502; x_wconf 79' lang='lat' dir='ltr'><strong>effusaeque</strong></span> <span class='ocrx_word' id='word_1_167' title='bbox 2033 2424 2093 2482; x_wconf 88' lang='lat' dir='ltr'><strong>in</strong></span> <span class='ocrx_word' id='word_1_168' title='bbox 2121 2422 2251 2483; x_wconf 87' lang='lat' dir='ltr'><strong>Ve-</strong></span> 
     </span>
     <span class='ocr_line' id='line_1_22' title="bbox 354 2611 2223 2693; baseline -0.001 -21"><span class='ocrx_word' id='word_1_169' title='bbox 354 2621 532 2693; x_wconf 86' lang='lat' dir='ltr'><strong>patus</strong></span> <span class='ocrx_word' id='word_1_170' title='bbox 551 2612 1028 2683; x_wconf 71' lang='lat' dir='ltr'><strong>commendabat,</strong></span> <span class='ocrx_word' id='word_1_171' title='bbox 1055 2611 1212 2672; x_wconf 83' lang='lat' dir='ltr'><strong>haud</strong></span> <span class='ocrx_word' id='word_1_172' title='bbox 1237 2631 1406 2692; x_wconf 86' lang='lat' dir='ltr'><strong>pares</strong></span> <span class='ocrx_word' id='word_1_173' title='bbox 1431 2613 1679 2693; x_wconf 72' lang='lat' dir='ltr'><strong>inceptis</strong></span> <span class='ocrx_word' id='word_1_174' title='bbox 1706 2613 1979 2674; x_wconf 83' lang='lat' dir='ltr'><strong>habitura</strong></span> <span class='ocrx_word' id='word_1_175' title='bbox 2006 2614 2223 2672; x_wconf 84' lang='lat' dir='ltr'><strong>exitus.</strong></span> 
     </span>
    </p>

    <p class='ocr_par' dir='ltr' id='par_1_3' title="bbox 255 2705 2541 4218">
     <span class='ocr_line' id='line_1_23' title="bbox 433 2705 2247 2788; baseline 0.001 -21"><span class='ocrx_word' id='word_1_176' title='bbox 433 2710 550 2786; x_wconf 81' lang='lat'><strong>(4.)</strong></span> <span class='ocrx_word' id='word_1_177' title='bbox 590 2705 936 2786; x_wconf 76' lang='lat' dir='ltr'><strong>Antequam</strong></span> <span class='ocrx_word' id='word_1_178' title='bbox 978 2715 1252 2788; x_wconf 81' lang='lat' dir='ltr'><strong>praetores</strong></span> <span class='ocrx_word' id='word_1_179' title='bbox 1293 2709 1359 2779; x_wconf 88' lang='lat' dir='ltr'><strong>ii,</strong></span> <span class='ocrx_word' id='word_1_180' title='bbox 1385 2709 1487 2788; x_wconf 90' lang='lat' dir='ltr'><strong>qui</strong></span> <span class='ocrx_word' id='word_1_181' title='bbox 1539 2707 1859 2788; x_wconf 70' lang='lat' dir='ltr'><strong>Hispanias</strong></span> <span class='ocrx_word' id='word_1_182' title='bbox 1896 2709 2083 2769; x_wconf 85' lang='lat' dir='ltr'><strong>sortiti</strong></span> <span class='ocrx_word' id='word_1_183' title='bbox 2124 2708 2247 2768; x_wconf 80' lang='lat' dir='ltr'><strong>fue-</strong></span> 
     </span>
     <span class='ocr_line' id='line_1_24' title="bbox 351 2802 2512 2881; baseline 0 -16"><span class='ocrx_word' id='word_1_184' title='bbox 351 2813 505 2874; x_wconf 88' lang='lat' dir='ltr'><strong>rant,</strong></span> <span class='ocrx_word' id='word_1_185' title='bbox 541 2803 602 2861; x_wconf 92' lang='lat' dir='ltr'><strong>in</strong></span> <span class='ocrx_word' id='word_1_186' title='bbox 637 2802 967 2881; x_wconf 79' lang='lat' dir='ltr'><strong>provincias</strong></span> <span class='ocrx_word' id='word_1_187' title='bbox 995 2804 1278 2874; x_wconf 84' lang='lat' dir='ltr'><strong>venirent,</strong></span> <span class='ocrx_word' id='word_1_188' title='bbox 1315 2821 1546 2880; x_wconf 66' lang='lat' dir='ltr'><strong>magnae</strong></span> <span class='ocrx_word' id='word_1_189' title='bbox 1579 2821 1673 2860; x_wconf 82' lang='lat' dir='ltr'><strong>res</strong></span> <span class='ocrx_word' id='word_1_190' title='bbox 1706 2802 1789 2861; x_wconf 89' lang='lat' dir='ltr'><strong>ibi</strong></span> <span class='ocrx_word' id='word_1_191' title='bbox 1825 2812 2003 2881; x_wconf 78' lang='lat' dir='ltr'><strong>gestae</strong></span> <span class='ocrx_word' id='word_1_192' title='bbox 2040 2813 2177 2862; x_wconf 85' lang='lat' dir='ltr'><strong>sunt</strong></span> <span class='ocrx_word' id='word_1_193' title='bbox 2214 2823 2253 2862; x_wconf 90' lang='lat' dir='ltr'><strong>a</strong></span> <span class='ocrx_word' id='word_1_194' title='bbox 2308 2815 2512 2868; x_wconf 70' lang='lat' dir='ltr'><strong>Diodor.</strong></span> 
     </span>
     <span class='ocr_line' id='line_1_25' title="bbox 353 2881 2541 2977; baseline -0.002 -17"><span class='ocrx_word' id='word_1_195' title='bbox 353 2901 668 2960; x_wconf 83' lang='lat' dir='ltr'><strong>Postumio</strong></span> <span class='ocrx_word' id='word_1_196' title='bbox 705 2905 766 2958; x_wconf 83' lang='lat' dir='ltr'><strong>et</strong></span> <span class='ocrx_word' id='word_1_197' title='bbox 801 2897 1098 2958; x_wconf 84' lang='lat' dir='ltr'><strong>Graccho.</strong></span> <span class='ocrx_word' id='word_1_198' title='bbox 1183 2897 1304 2956; x_wconf 89' lang='lat' dir='ltr'><strong>Sed</strong></span> <span class='ocrx_word' id='word_1_199' title='bbox 1343 2896 1603 2956; x_wconf 81' lang='lat' dir='ltr'><strong>Gracchi</strong></span> <span class='ocrx_word' id='word_1_200' title='bbox 1644 2898 1939 2977; x_wconf 80' lang='lat' dir='ltr'><strong>praecipua</strong></span> <span class='ocrx_word' id='word_1_201' title='bbox 1962 2897 2091 2958; x_wconf 88' lang='lat' dir='ltr'><strong>laus</strong></span> <span class='ocrx_word' id='word_1_202' title='bbox 2114 2897 2250 2968; x_wconf 83' lang='lat' dir='ltr'><strong>fuit,</strong></span> <span class='ocrx_word' id='word_1_203' title='bbox 2274 2895 2353 2944; x_wconf 75' lang='lat'><strong>⁸¹²·</strong></span> <span class='ocrx_word' id='word_1_204' title='bbox 2376 2881 2541 2930; x_wconf 72' lang='lat' dir='ltr'><strong>V³¹‘⁵·</strong></span> 
     </span>
     <span class='ocr_line' id='line_1_26' title="bbox 352 2990 2253 3076; baseline -0.003 -20"><span class='ocrx_word' id='word_1_205' title='bbox 352 2999 455 3076; x_wconf 86' lang='lat' dir='ltr'><strong>qui</strong></span> <span class='ocrx_word' id='word_1_206' title='bbox 495 3005 672 3056; x_wconf 84' lang='lat' dir='ltr'><strong>aetate</strong></span> <span class='ocrx_word' id='word_1_207' title='bbox 707 2995 942 3065; x_wconf 84' lang='lat' dir='ltr'><strong>florens,</strong></span> <span class='ocrx_word' id='word_1_208' title='bbox 968 3011 1104 3054; x_wconf 84' lang='lat' dir='ltr'><strong>cum</strong></span> <span class='ocrx_word' id='word_1_209' title='bbox 1129 2992 1346 3052; x_wconf 80' lang='lat' dir='ltr'><strong>virtute</strong></span> <span class='ocrx_word' id='word_1_210' title='bbox 1372 2990 1550 3050; x_wconf 88' lang='lat' dir='ltr'><strong>animi</strong></span> <span class='ocrx_word' id='word_1_211' title='bbox 1575 3000 1639 3049; x_wconf 87' lang='lat' dir='ltr'><strong>et</strong></span> <span class='ocrx_word' id='word_1_212' title='bbox 1661 2991 1971 3070; x_wconf 77' lang='lat' dir='ltr'><strong>prudentia</strong></span> <span class='ocrx_word' id='word_1_213' title='bbox 1995 2990 2253 3071; x_wconf 66' lang='lat' dir='ltr'><strong>aequales</strong></span> 
     </span>
     <span class='ocr_line' id='line_1_27' title="bbox 351 3087 2247 3166; baseline -0.003 -14"><span class='ocrx_word' id='word_1_214' title='bbox 351 3111 552 3152; x_wconf 87' lang='lat' dir='ltr'><strong>omnes</strong></span> <span class='ocrx_word' id='word_1_215' title='bbox 577 3093 828 3152; x_wconf 82' lang='lat' dir='ltr'><strong>multum</strong></span> <span class='ocrx_word' id='word_1_216' title='bbox 857 3089 1129 3160; x_wconf 83' lang='lat' dir='ltr'><strong>anteiret,</strong></span> <span class='ocrx_word' id='word_1_217' title='bbox 1155 3095 1218 3147; x_wconf 82' lang='lat' dir='ltr'><strong>ot</strong></span> <span class='ocrx_word' id='word_1_218' title='bbox 1241 3088 1462 3166; x_wconf 79' lang='lat' dir='ltr'><strong>ingenti</strong></span> <span class='ocrx_word' id='word_1_219' title='bbox 1494 3089 1626 3165; x_wconf 83' lang='lat' dir='ltr'><strong>jam</strong></span> <span class='ocrx_word' id='word_1_220' title='bbox 1652 3096 1777 3147; x_wconf 89' lang='lat' dir='ltr'><strong>tum</strong></span> <span class='ocrx_word' id='word_1_221' title='bbox 1804 3087 1965 3147; x_wconf 84' lang='lat' dir='ltr'><strong>fama</strong></span> <span class='ocrx_word' id='word_1_222' title='bbox 1988 3087 2247 3147; x_wconf 80' lang='lat' dir='ltr'><strong>celebra-</strong></span> 
     </span>
     <span class='ocr_line' id='line_1_28' title="bbox 349 3181 2245 3266; baseline -0.002 -18"><span class='ocrx_word' id='word_1_223' title='bbox 349 3189 548 3258; x_wconf 83' lang='lat' dir='ltr'><strong>batur,</strong></span> <span class='ocrx_word' id='word_1_224' title='bbox 601 3198 662 3247; x_wconf 87' lang='lat' dir='ltr'><strong>et</strong></span> <span class='ocrx_word' id='word_1_225' title='bbox 711 3188 993 3266; x_wconf 66' lang='lat' dir='ltr'><strong>maiorem</strong></span> <span class='ocrx_word' id='word_1_226' title='bbox 1037 3185 1098 3242; x_wconf 90' lang='lat' dir='ltr'><strong>in</strong></span> <span class='ocrx_word' id='word_1_227' title='bbox 1133 3183 1391 3243; x_wconf 84' lang='lat' dir='ltr'><strong>futurum</strong></span> <span class='ocrx_word' id='word_1_228' title='bbox 1443 3181 1518 3242; x_wconf 87' lang='lat' dir='ltr'><strong>de</strong></span> <span class='ocrx_word' id='word_1_229' title='bbox 1575 3203 1637 3242; x_wconf 87' lang='lat' dir='ltr'><strong>se</strong></span> <span class='ocrx_word' id='word_1_230' title='bbox 1678 3203 1841 3264; x_wconf 87' lang='lat' dir='ltr'><strong>spem</strong></span> <span class='ocrx_word' id='word_1_231' title='bbox 1891 3183 2245 3244; x_wconf 76' lang='lat' dir='ltr'><strong>concitabat.</strong></span> 
     </span>
     <span class='ocr_line' id='line_1_29' title="bbox 353 3276 2513 3370; baseline -0.002 -27"><span class='ocrx_word' id='word_1_232' title='bbox 353 3282 614 3343; x_wconf 74' lang='lat' dir='ltr'><strong>Cambin</strong></span> <span class='ocrx_word' id='word_1_233' title='bbox 653 3283 858 3341; x_wconf 86' lang='lat' dir='ltr'><strong>urbem</strong></span> <span class='ocrx_word' id='word_1_234' title='bbox 895 3281 1114 3340; x_wconf 88' lang='lat' dir='ltr'><strong>sociam</strong></span> <span class='ocrx_word' id='word_1_235' title='bbox 1153 3279 1558 3339; x_wconf 85' lang='lat' dir='ltr'><strong>Romanorum</strong></span> <span class='ocrx_word' id='word_1_236' title='bbox 1581 3279 1789 3356; x_wconf 78' lang='lat' dir='ltr'><strong>vig-inti</strong></span> <span class='ocrx_word' id='word_1_237' title='bbox 1828 3276 2017 3338; x_wconf 87' lang='lat' dir='ltr'><strong>millia</strong></span> <span class='ocrx_word' id='word_1_238' title='bbox 2056 3279 2247 3339; x_wconf 88' lang='lat' dir='ltr'><strong>Celti·</strong></span> <span class='ocrx_word' id='word_1_239' title='bbox 2300 3303 2513 3370; x_wconf 65' lang='lat' dir='ltr'><strong>Appiani.</strong></span> 
     </span>
     <span class='ocr_line' id='line_1_30' title="bbox 350 3367 2396 3457; baseline -0.003 -19"><span class='ocrx_word' id='word_1_240' title='bbox 350 3379 618 3438; x_wconf 86' lang='lat' dir='ltr'><strong>berorum</strong></span> <span class='ocrx_word' id='word_1_241' title='bbox 659 3376 1098 3457; x_wconf 77' lang='lat' dir='ltr'><strong>oppugnabant.</strong></span> <span class='ocrx_word' id='word_1_242' title='bbox 1184 3372 1494 3434; x_wconf 84' lang='lat' dir='ltr'><strong>Gracchus</strong></span> <span class='ocrx_word' id='word_1_243' title='bbox 1530 3373 1607 3432; x_wconf 90' lang='lat' dir='ltr'><strong>ad</strong></span> <span class='ocrx_word' id='word_1_244' title='bbox 1646 3393 1819 3454; x_wconf 77' lang='lat' dir='ltr'><strong>opem</strong></span> <span class='ocrx_word' id='word_1_245' title='bbox 1858 3375 2036 3434; x_wconf 85' lang='lat' dir='ltr'><strong>sociis</strong></span> <span class='ocrx_word' id='word_1_246' title='bbox 2056 3375 2247 3434; x_wconf 83' lang='lat' dir='ltr'><strong>feren·</strong></span> <span class='ocrx_word' id='word_1_247' title='bbox 2268 3367 2396 3419; x_wconf 84' lang='lat' dir='ltr'><strong>Iber.</strong></span> 
     </span>
     <span class='ocr_line' id='line_1_31' title="bbox 350 3467 2247 3552; baseline -0.002 -20"><span class='ocrx_word' id='word_1_248' title='bbox 350 3473 489 3532; x_wconf 85' lang='lat' dir='ltr'><strong>dam</strong></span> <span class='ocrx_word' id='word_1_249' title='bbox 527 3473 882 3552; x_wconf 82' lang='lat' dir='ltr'><strong>properavit.</strong></span> <span class='ocrx_word' id='word_1_250' title='bbox 968 3469 1096 3542; x_wconf 76' lang='lat' dir='ltr'><strong>Illa</strong></span> <span class='ocrx_word' id='word_1_251' title='bbox 1126 3468 1438 3530; x_wconf 84' lang='lat' dir='ltr'><strong>solicitudo</strong></span> <span class='ocrx_word' id='word_1_252' title='bbox 1476 3471 1752 3546; x_wconf 81' lang='lat' dir='ltr'><strong>angebat,</strong></span> <span class='ocrx_word' id='word_1_253' title='bbox 1780 3487 2037 3547; x_wconf 88' lang='lat' dir='ltr'><strong>quonam</strong></span> <span class='ocrx_word' id='word_1_254' title='bbox 2072 3467 2247 3528; x_wconf 91' lang='lat' dir='ltr'><strong>modo</strong></span> 
     </span>
     <span class='ocr_line' id='line_1_32' title="bbox 349 3562 2247 3643; baseline -0.003 -15"><span class='ocrx_word' id='word_1_255' title='bbox 349 3567 662 3628; x_wconf 89' lang='lat' dir='ltr'><strong>eonsilium</strong></span> <span class='ocrx_word' id='word_1_256' title='bbox 703 3585 872 3625; x_wconf 89' lang='lat' dir='ltr'><strong>suum</strong></span> <span class='ocrx_word' id='word_1_257' title='bbox 912 3565 1161 3626; x_wconf 80' lang='lat' dir='ltr'><strong>obsessis</strong></span> <span class='ocrx_word' id='word_1_258' title='bbox 1197 3563 1570 3643; x_wconf 79' lang='lat' dir='ltr'><strong>significaret,</strong></span> <span class='ocrx_word' id='word_1_259' title='bbox 1607 3573 1731 3623; x_wconf 89' lang='lat' dir='ltr'><strong>tam</strong></span> <span class='ocrx_word' id='word_1_260' title='bbox 1756 3573 1920 3623; x_wconf 86' lang='lat' dir='ltr'><strong>arcta</strong></span> <span class='ocrx_word' id='word_1_261' title='bbox 1942 3562 2247 3623; x_wconf 87' lang='lat' dir='ltr'><strong>obsidione</strong></span> 
     </span>
     <span class='ocr_line' id='line_1_33' title="bbox 350 3659 2247 3743; baseline -0.003 -20"><span class='ocrx_word' id='word_1_262' title='bbox 350 3664 746 3743; x_wconf 78' lang='lat' dir='ltr'><strong>prementibus</strong></span> <span class='ocrx_word' id='word_1_263' title='bbox 768 3663 972 3722; x_wconf 89' lang='lat' dir='ltr'><strong>urbem</strong></span> <span class='ocrx_word' id='word_1_264' title='bbox 1012 3661 1294 3732; x_wconf 83' lang='lat' dir='ltr'><strong>hostibus,</strong></span> <span class='ocrx_word' id='word_1_265' title='bbox 1324 3668 1393 3720; x_wconf 88' lang='lat' dir='ltr'><strong>ut</strong></span> <span class='ocrx_word' id='word_1_266' title='bbox 1417 3661 1518 3720; x_wconf 83' lang='lat' dir='ltr'><strong>vix</strong></span> <span class='ocrx_word' id='word_1_267' title='bbox 1545 3679 1621 3719; x_wconf 89' lang='lat' dir='ltr'><strong>eo</strong></span> <span class='ocrx_word' id='word_1_268' title='bbox 1663 3659 1899 3719; x_wconf 85' lang='lat' dir='ltr'><strong>nuntius</strong></span> <span class='ocrx_word' id='word_1_269' title='bbox 1918 3678 2247 3720; x_wconf 81' lang='lat' dir='ltr'><strong>commeare</strong></span> 
     </span>
     <span class='ocr_line' id='line_1_34' title="bbox 255 3745 2245 3839; baseline -0.004 -20"><span class='ocrx_word' id='word_1_270' title='bbox 255 3745 262 3751; x_wconf 46' lang='lat'><em>⁶</em></span> <span class='ocrx_word' id='word_1_271' title='bbox 347 3779 520 3839; x_wconf 78' lang='lat' dir='ltr'><strong>posse</strong></span> <span class='ocrx_word' id='word_1_272' title='bbox 573 3758 882 3818; x_wconf 76' lang='lat' dir='ltr'><strong>videretur.</strong></span> <span class='ocrx_word' id='word_1_273' title='bbox 969 3755 1244 3816; x_wconf 83' lang='lat' dir='ltr'><strong>Arduum</strong></span> <span class='ocrx_word' id='word_1_274' title='bbox 1285 3757 1578 3834; x_wconf 76' lang='lat' dir='ltr'><strong>negotium</strong></span> <span class='ocrx_word' id='word_1_275' title='bbox 1630 3756 1941 3836; x_wconf 81' lang='lat' dir='ltr'><strong>expedivit</strong></span> <span class='ocrx_word' id='word_1_276' title='bbox 1992 3755 2245 3814; x_wconf 84' lang='lat' dir='ltr'><strong>Cominii</strong></span> 
     </span>
     <span class='ocr_line' id='line_1_35' title="bbox 351 3849 2244 3932; baseline -0.003 -20"><span class='ocrx_word' id='word_1_277' title='bbox 351 3853 622 3914; x_wconf 85' lang='lat' dir='ltr'><strong>audacia.</strong></span> <span class='ocrx_word' id='word_1_278' title='bbox 707 3851 773 3912; x_wconf 88' lang='lat' dir='ltr'><strong>Is</strong></span> <span class='ocrx_word' id='word_1_279' title='bbox 808 3853 1071 3932; x_wconf 86' lang='lat' dir='ltr'><strong>equitum</strong></span> <span class='ocrx_word' id='word_1_280' title='bbox 1106 3859 1312 3911; x_wconf 79' lang='lat' dir='ltr'><strong>turmae</strong></span> <span class='ocrx_word' id='word_1_281' title='bbox 1348 3851 1683 3931; x_wconf 75' lang='lat' dir='ltr'><strong>praefectuS,</strong></span> <span class='ocrx_word' id='word_1_282' title='bbox 1709 3871 1771 3909; x_wconf 80' lang='lat' dir='ltr'><strong>re</strong></span> <span class='ocrx_word' id='word_1_283' title='bbox 1810 3850 1969 3929; x_wconf 86' lang='lat' dir='ltr'><strong>prius</strong></span> <span class='ocrx_word' id='word_1_284' title='bbox 2000 3849 2159 3928; x_wconf 87' lang='lat' dir='ltr'><strong>apud</strong></span> <span class='ocrx_word' id='word_1_285' title='bbox 2182 3869 2244 3907; x_wconf 84' lang='lat' dir='ltr'><strong>se</strong></span> 
     </span>
     <span class='ocr_line' id='line_1_36' title="bbox 351 3945 2247 4030; baseline -0.004 -21"><span class='ocrx_word' id='word_1_286' title='bbox 351 3969 655 4030; x_wconf 83' lang='lat' dir='ltr'><strong>perpensa,</strong></span> <span class='ocrx_word' id='word_1_287' title='bbox 681 3958 746 4009; x_wconf 88' lang='lat' dir='ltr'><strong>et</strong></span> <span class='ocrx_word' id='word_1_288' title='bbox 771 3949 1050 4008; x_wconf 85' lang='lat' dir='ltr'><strong>Graccho</strong></span> <span class='ocrx_word' id='word_1_289' title='bbox 1087 3948 1230 4028; x_wconf 91' lang='lat' dir='ltr'><strong>quid</strong></span> <span class='ocrx_word' id='word_1_290' title='bbox 1267 3956 1500 4028; x_wconf 85' lang='lat' dir='ltr'><strong>pararet</strong></span> <span class='ocrx_word' id='word_1_291' title='bbox 1540 3945 1865 4015; x_wconf 85' lang='lat' dir='ltr'><strong>admonito,</strong></span> <span class='ocrx_word' id='word_1_292' title='bbox 1910 3945 2247 4026; x_wconf 80' lang='lat' dir='ltr'><strong>Hispanico</strong></span> 
     </span>
     <span class='ocr_line' id='line_1_37' title="bbox 351 4039 2247 4124; baseline -0.003 -21"><span class='ocrx_word' id='word_1_293' title='bbox 351 4043 590 4104; x_wconf 88' lang='lat' dir='ltr'><strong>indutus</strong></span> <span class='ocrx_word' id='word_1_294' title='bbox 622 4065 766 4122; x_wconf 82' lang='lat' dir='ltr'><strong>sago</strong></span> <span class='ocrx_word' id='word_1_295' title='bbox 800 4044 1243 4124; x_wconf 82' lang='lat' dir='ltr'><strong>pabulatoribus</strong></span> <span class='ocrx_word' id='word_1_296' title='bbox 1275 4042 1528 4103; x_wconf 88' lang='lat' dir='ltr'><strong>hostium</strong></span> <span class='ocrx_word' id='word_1_297' title='bbox 1569 4062 1631 4101; x_wconf 86' lang='lat' dir='ltr'><strong>se</strong></span> <span class='ocrx_word' id='word_1_298' title='bbox 1672 4039 2003 4100; x_wconf 86' lang='lat' dir='ltr'><strong>immiscuit.</strong></span> <span class='ocrx_word' id='word_1_299' title='bbox 2088 4040 2247 4098; x_wconf 83' lang='lat' dir='ltr'><strong>Cum</strong></span> 
     </span>
     <span class='ocr_line' id='line_1_38' title="bbox 349 4134 2243 4218; baseline -0.003 -20"><span class='ocrx_word' id='word_1_300' title='bbox 349 4141 440 4198; x_wconf 84' lang='lat' dir='ltr'><strong>his</strong></span> <span class='ocrx_word' id='word_1_301' title='bbox 463 4149 654 4199; x_wconf 73' lang='lat' dir='ltr'><strong>casu-a</strong></span> <span class='ocrx_word' id='word_1_302' title='bbox 677 4141 983 4218; x_wconf 79' lang='lat' dir='ltr'><strong>ingressus,</strong></span> <span class='ocrx_word' id='word_1_303' title='bbox 1005 4141 1144 4199; x_wconf 86' lang='lat' dir='ltr'><strong>hinc</strong></span> <span class='ocrx_word' id='word_1_304' title='bbox 1169 4159 1338 4199; x_wconf 81' lang='lat' dir='ltr'><strong>cursu</strong></span> <span class='ocrx_word' id='word_1_305' title='bbox 1366 4138 1444 4197; x_wconf 83' lang='lat' dir='ltr'><strong>ad</strong></span> <span class='ocrx_word' id='word_1_306' title='bbox 1472 4140 1679 4197; x_wconf 84' lang='lat' dir='ltr'><strong>urbem</strong></span> <span class='ocrx_word' id='word_1_307' title='bbox 1701 4135 2025 4205; x_wconf 88' lang='lat' dir='ltr'><strong>contendit,</strong></span> <span class='ocrx_word' id='word_1_308' title='bbox 2046 4134 2243 4192; x_wconf 86' lang='lat' dir='ltr'><strong>nunti-</strong></span> 
     </span>
    </p>
   </div>
   <div class='ocr_carea' id='block_1_3' title="bbox 350 4229 2243 4316">
    <p class='ocr_par' dir='ltr' id='par_1_4' title="bbox 350 4229 2243 4316">
     <span class='ocr_line' id='line_1_39' title="bbox 350 4229 2243 4316; baseline -0.005 -21"><span class='ocrx_word' id='word_1_309' title='bbox 350 4245 530 4316; x_wconf 78' lang='lat' dir='ltr'><strong>atque</strong></span> <span class='ocrx_word' id='word_1_310' title='bbox 557 4235 875 4297; x_wconf 76' lang='lat' dir='ltr'><strong>adventare</strong></span> <span class='ocrx_word' id='word_1_311' title='bbox 900 4234 1222 4294; x_wconf 75' lang='lat' dir='ltr'><strong>Tiberium.</strong></span> <span class='ocrx_word' id='word_1_312' title='bbox 1303 4232 1603 4316; x_wconf 86' lang='lat' dir='ltr'><strong>Oppidani</strong></span> <span class='ocrx_word' id='word_1_313' title='bbox 1632 4251 1709 4291; x_wconf 80' lang='lat' dir='ltr'><strong>ex</strong></span> <span class='ocrx_word' id='word_1_314' title='bbox 1738 4229 1947 4290; x_wconf 87' lang='lat' dir='ltr'><strong>ultima</strong></span> <span class='ocrx_word' id='word_1_315' title='bbox 1971 4230 2243 4309; x_wconf 73' lang='lat' dir='ltr'><strong>despota-</strong></span> 
     </span>
    </p>
   </div>
  </div>
 </body>
</html>
