3177 4950
1039 455 1185 504 mu.
1234 453 1453 504 κων.
1499 457 1662 505 ου’.
1706 443 1820 506 22.
2339 447 2516 512 ³693

322 615 408 660 ex
438 598 747 661 omuibus
774 598 1057 676 tribunis
1087 599 1377 664 militum
1404 601 1503 665 uti
1534 600 1618 665 L.
1646 601 1964 666 AEmilius
2009 604 2073 667 in
2113 602 2282 670 dues
2313 605 2518 687 legio*

326 715 447 761 nes
480 698 549 762 in
580 699 1075 776 Macedoniam,
1098 720 1277 784 quos
1306 719 1533 766 eorum
1561 703 1747 781 velit,
1779 703 2010 785 eligat,
2031 712 2102 769 et
2125 715 2223 783 ut,
2253 707 2514 772 solenni

328 797 719 865 Latinarum
750 801 1079 883 perfecto,
1114 803 1193 867 J..
1218 795 1539 870 AEmilius
1564 806 1822 882 consol,
1847 805 1968 872 Cn.
1995 805 2324 872 Octavius
2347 829 2518 892 prae·

322 905 445 978 tor,
500 903 607 966 cui
660 903 899 966 classis
951 904 1321 986 obtigisset,
1380 907 1447 969 in
1498 905 1916 987 provinciam
1963 908 2516 991 proficiscuntur!

325 999 613 1076 Additus
643 1010 749 1068 est
776 1004 887 1068 his
916 1007 1153 1070 tertius
1184 1005 1266 1070 L.
1298 1005 1587 1070 Anicius
1622 1013 1892 1090 praetor,
1920 1009 2110 1093 cujus
2141 1009 2307 1075 inter
2329 1031 2514 1095 pere-

324 1103 543 1182 grinos
566 1104 739 1188 juris
768 1106 975 1171 dictio
1009 1115 1175 1171 erat.
1240 1107 1415 1171 Eum
1434 1110 1499 1171 in
1534 1109 1944 1190 provinciam
1970 1109 2310 1194 Illyricum
2335 1116 2518 1178 circa

325 1203 745 1296 Lychnidum
778 1207 913 1290 Ap.
945 1208 1232 1274 Claudio
1264 1209 1626 1273 succedere
1656 1209 1936 1291 placuit.
2008 1211 2326 1276 Delectus
2355 1233 2519 1280 cura

324 1304 403 1370 C.
438 1307 705 1371 Licinio
732 1310 989 1373 consuli
1020 1310 1363 1392 impositu.
1452 1311 1527 1374 Is
1558 1319 1818 1395 septem
1861 1313 2072 1376 millia
2101 1313 2346 1378 civium
2379 1315 2518 1379 Ro·

324 1427 663 1474 munorum
698 1415 768 1473 et
796 1413 1061 1494 equites
1090 1411 1423 1476 ducentos
1454 1413 1742 1477 scribere
1774 1413 2034 1497 jussus,
2075 1423 2144 1479 et
2171 1417 2378 1480 sociis
2406 1437 2519 1480 no·

324 1511 523 1573 minis
553 1510 775 1576 Latini
807 1521 1063 1596 septem
1088 1513 1297 1578 millia
1314 1514 1616 1596 peditum
1639 1517 1990 1598 imperare,
2009 1517 2526 1602 quadringentos

323 1612 619 1694 equites;
654 1622 721 1677 et
740 1615 865 1680 Cn.
892 1614 1179 1690 Servilio
1199 1613 1497 1679 Galliam
1516 1615 1832 1679 obtinenti
1858 1618 2276 1699 provinciam
2293 1619 2518 1682 literas

322 1714 609 1791 mittere,
642 1721 719 1779 ut
740 1723 1099 1780 sexcentos
1122 1717 1383 1798 equites
1398 1716 1867 1782 conscriberet.
1916 1717 2126 1784 Hunc
2153 1721 2514 1785 exercitum

324 1815 411 1878 ad
444 1815 772 1899 collega—m
794 1819 1011 1900 primo
1042 1837 1317 1902 quoque
1352 1827 1652 1902 tempore
1673 1819 1930 1884 mittere
1957 1821 2020 1882 in
2045 1819 2516 1886 Macedoniam

313 1917 575 2001 jussus·
666 1919 915 2004 Neque
956 1919 1027 1984 in
1073 1937 1157 1984 ea
1202 1920 1553 2003 provincis
1597 1921 1750 2003 plus
1781 1941 1982 2005 quam
2012 1923 2184 1985 duos
2215 1922 2518 2002 legiones

325 2039 519 2098 esse3
562 2039 681 2085 eas
712 2023 969 2105 repleri,
1002 2029 1073 2086 ut
1102 2041 1271 2106 sena
1294 2023 1505 2086 millia
1524 2021 1846 2105 peditum,
1869 2033 2175 2087 trecenos
2203 2024 2522 2087 heberent

324 2123 603 2204 equites.
692 2123 977 2188 Ceteros
1022 2125 1289 2208 equites
1330 2124 1732 2207 peditesque
1763 2125 1829 2186 in
1861 2123 2194 2206 proesidiis
2221 2124 2516 2207 disponi.

323 2221 461 2299 Qui
492 2242 719 2288 eorum
750 2224 973 2289 idonei
1010 2224 1095 2288 ad
1124 2224 1537 2290 militandum
1572 2244 1706 2288 uon
1733 2231 1981 2301 essent,
2014 2224 2282 2289 dimitti.
2377 2227 2517 2290 De·

328 2343 469 2389 cem
502 2331 832 2408 praeterea
860 2325 1070 2390 millia
1098 2326 1401 2408 peditum
1450 2327 1780 2407 imperata
1807 2327 2014 2389 sociis
2059 2333 2126 2390 et
2161 2328 2519 2407 octingenti

325 2426 609 2511 equites.
658 2426 739 2492 Id
770 2426 1067 2510 praesidii
1100 2425 1402 2491 additum
1428 2425 1697 2505 Anicio,
1729 2435 1972 2510 proeter
2003 2426 2173 2491 duas
2200 2426 2517 2509 legiones,
2647 2496 2654 2501 ,

325 2546 495 2609 quus
531 2536 799 2610 portare
828 2528 895 2592 in
934 2527 1449 2591 Macedoniam⁷
1494 2535 1600 2591 est
1628 2528 1885 2610 jussus,
1919 2526 2124 2610 quina
2155 2528 2364 2592 millia
2397 2550 2514 2612 pe·

326 2627 537 2691 ditum
570 2636 633 2693 et
662 2628 961 2694 ducenos
990 2629 1330 2705 habentes,
1358 2635 1660 2693 trecenos
1691 2628 1994 2711 equites:
2039 2635 2103 2692 et
2131 2630 2198 2691 in
2229 2629 2516 2695 classem

326 2730 615 2813 quinque
674 2728 889 2795 millia
938 2730 1272 2794 navalium
1326 2730 1581 2794 socium
1637 2734 1796 2793 sunt
1847 2728 2122 2812 scriptu.
2213 2730 2518 2797 Licinius

326 2833 563 2894 consul
602 2831 867 2895 duabus
898 2831 1273 2912 legionibus
1318 2830 1624 2895 obtinere
1670 2831 2082 2913 provinciam
2104 2830 2385 2914 jussus:
2431 2854 2516 2899 eo

328 2930 577 2995 addere
606 2932 937 2997 sociorum
960 2932 1191 2997 decem
1216 2931 1430 2996 millia
1450 2932 1754 3014 peditum
1773 2940 1844 2995 et
1865 2941 2216 2997 sexcentos
2233 2938 2519 3017 equites.

413 3034 521 3101 22.
566 3033 855 3099 Senatus
884 3034 1209 3098 consultis
1236 3032 1575 3117 perfectis,
1614 3032 1694 3096 L.
1729 3032 2046 3097 AEmilius
2074 3035 2306 3098 consul
2337 3054 2376 3098 e
2404 3056 2521 3101 cu·

326 3133 431 3197 ria
476 3136 547 3199 in
598 3135 987 3201 concionem
1040 3135 1395 3219 processit,
1444 3134 1948 3217 orationemque
1998 3134 2198 3199 talem
2257 3136 2515 3201 habuit.

329 3238 351 3271 ‘
379 3232 953 3311 Animadvertisse
1002 3236 1255 3311 videor,
1303 3235 1637 3314 Quirites,
1683 3234 2004 3319 majorem
2051 3235 2232 3310 mihi,
2277 3240 2520 3305 sortito

328 3336 799 3403 Macedoniam
832 3337 1273 3421 provinciam,
1301 3337 1810 3421 gratulationem
1841 3336 2106 3414 factam,
2130 3356 2330 3420 quam
2363 3328 2518 3404 cum

329 3445 448 3503 aut
492 3441 727 3505 consul
768 3460 987 3505 essem
1034 3441 1515 3513 consalutatus,
1563 3447 1680 3502 aut
1729 3458 1864 3522 quo
1907 3438 2014 3503 die
2059 3441 2520 3528 magistratum

328 3540 606 3605 inissem
633 3562 651 3621 3
676 3562 890 3625 neque
920 3540 989 3608 id
1011 3542 1098 3608 ob
1121 3540 1317 3607 aliam
1342 3560 1641 3617 causam,
1665 3558 1864 3623 quam
1888 3540 2048 3623 quia
2069 3540 2243 3604 bello
2279 3540 2343 3603 in
2365 3538 2522 3605 Ma-

330 3642 639 3719 cedonia,
670 3644 851 3726 quod
903 3645 1019 3710 diu
1050 3644 1350 3720 trahitur,
1379 3644 1816 3709 existimastis
1859 3642 2122 3725 dignum
2171 3644 2522 3726 majestate

280 3782 285 3787 ’
328 3743 561 3827 populi
590 3743 889 3812 Romani
921 3748 1173 3811 exitum
1208 3766 1327 3828 per
1356 3766 1462 3809 me
1495 3742 1748 3829 imponi
1775 3764 2000 3827 posse.
2049 3744 2232 3809 Deos
2257 3765 2522 3827 quoque

328 3845 483 3908 huic
514 3845 771 3909 favisse
813 3849 972 3911 sorti
1007 3866 1227 3930 spero,
1258 3848 1664 3930 eosdemque
1695 3849 1759 3909 in
1792 3848 1990 3909 rebus
2021 3844 2325 3927 gerendis
2357 3846 2520 3909 affu—

326 3950 514 4013 turos
540 3967 714 4011 esse.
804 3946 984 4013 Haec
1020 3950 1257 4031 partim
1298 3950 1582 4033 opinari,
1630 3946 1870 4030 partim
1908 3966 2179 4029 sperare
2215 3966 2518 4029 possum.

396 4250 427 4296 7
460 4248 476 4273 ‘
501 4240 667 4297 Immo
693 4256 751 4298 nt
776 4248 1016 4301 observat
1040 4252 1194 4303 Crev.
1228 4253 1279 4303 in
1303 4254 1579 4319 luyricum5
1614 4252 1726 4301 hnc
1761 4250 1894 4299 enim
1936 4247 2200 4313 provincia
2228 4244 2411 4297 Anicio
2435 4244 2526 4297 ob-

284 4346 291 4355 ·
332 4310 561 4377 tigerat-⁹
597 4312 832 4375 Doering.
