3177 4950
1038 449 1182 500 niu.
1226 449 1445 500 :imv-
1486 451 1655 500 cnr.
1695 435 1802 500 13.
2353 435 2528 502 3681

344 590 529 656 vecti
560 589 645 656 ad
678 588 973 656 Iolcon*
1014 591 1307 658 classem
1333 593 1792 678 appulerunt3
1835 591 2038 672 inde,
2053 607 2212 676 agro
2239 599 2532 674 vastato,

350 690 849 758 Demetriadem
877 711 1143 776 quoque
1170 695 1567 776 aggressuri.

433 793 547 859 13.
590 791 771 858 Inter
798 793 943 858 haec
974 801 1045 858 et
1071 796 1328 872 consul,
1358 815 1443 860 ne
1468 795 1687 877 segnis
1717 795 1978 860 sederet
1999 798 2300 861 tantum
2281 815 2348 860 in
2373 815 2534 878 agro

346 893 629 972 hostico,
670 893 773 959 M.
818 894 1187 978 Popillium
1232 916 1383 961 cum
1430 897 1731 979 quinque
1773 896 2068 960 millibus
2111 897 2396 961 militum
2440 896 2534 961 ad

351 992 782 1060 Meliboeam⁶
800 997 1035 1060 urbem
1070 995 1581 1078 oppugnandam
1613 997 1842 1062 mittit.
1887 996 2034 1060 Sita
2063 1004 2174 1062 est
2203 997 2270 1060 iu
2293 997 2534 1063 radici-

349 1093 483 1157 bus
522 1093 723 1160 Ossoe
752 1096 1024 1174 montis,
1068 1114 1207 1178 qua
1240 1101 1425 1178 parte
1464 1096 1533 1160 in
1560 1095 1992 1161 Thessaliam
2023 1097 2258 1179 vergit,
2285 1117 2536 1182 oppor-

352 1201 517 1259 tune
564 1195 917 1260 imminens
939 1203 967 1244 ⁷
1012 1215 1212 1278 super
1267 1196 1794 1262 Demetriadem.
1881 1197 2156 1263 Primus
2213 1199 2538 1266 adventus

351 1294 643 1362 hostium
670 1297 966 1380 perculit
999 1297 1255 1362 incolas
1288 1298 1465 1364 loci:
1508 1297 1819 1364 collectis
1859 1297 2102 1364 deinde
2140 1318 2228 1364 ex
2265 1304 2542 1385 necopi-

352 1404 513 1461 nato
542 1415 791 1479 pavore
822 1397 1086 1475 animis,
1114 1397 1499 1464 discurrunt
1523 1399 1762 1463 armati
1793 1399 1882 1464 ad
1913 1405 2144 1482 portas
2163 1421 2248 1466 ac
2269 1403 2540 1480 moeuia,

354 1517 495 1581 qua·
534 1497 833 1581 suspecti
876 1499 1095 1564 aditus
1136 1503 1353 1576 eraut,
1392 1518 1716 1583 spemque
1769 1501 2110 1584 extemplo
2154 1501 2540 1580 inciderunt,

354 1599 513 1681 capi
570 1598 789 1682 primo
840 1598 1095 1682 impetu
1145 1619 1370 1683 posse.
1457 1598 1748 1666 Obsidio
1791 1603 1990 1682 igitur
2045 1603 2430 1688 parabatur,
2473 1611 2544 1670 et

356 1701 1153 1784 opera-oppugnationum
1186 1699 1604 1783 fieri-coepta.
1689 1699 2004 1775 Perseus,
2033 1721 2190 1768 cum
2214 1701 2542 1780 audisset,

356 1801 555 1868 simul
576 1799 975 1866 Meliboeam
994 1822 1039 1867 a
1060 1801 1357 1867 consulis
1376 1801 1676 1866 exercitu
1709 1804 2106 1886 oppugnari,
2139 1803 2342 1868 simul
2369 1804 2542 1869 clas-

354 1921 495 1966 sem
539 1901 713 1968 Iolci
754 1910 959 1979 stare,
1002 1909 1073 1969 ut
1116 1903 1273 1968 inde
1322 1902 1820 1968 Demetriadem
1867 1903 2358 1986 aggrederetur,
2405 1904 2548 1970 Eu·

354 2005 743 2088 pbranorem
776 2015 781 2020 “
817 2005 1150 2088 quendam
1207 2022 1297 2069 ex
1377 2003 1666 2069 ducibus
1723 2023 1882 2070 cum
1937 2004 2212 2070 delectis
2283 2005 2547 2071 duobus

356 2103 654 2170 millibus
714 2103 1109 2170 Meliboeam
1166 2103 1397 2169 mittit.
1482 2103 1720 2170 Eidem
1769 2105 2196 2188 imperatum,
2245 2113 2350 2185 ut,
2393 2107 2456 2170 si
2497 2111 2550 2172 'a

358 2203 697 2270 Meliboea
736 2204 1207 2270 summovisset
1234 2202 1614 2281 Romanos,
1647 2205 2146 2272 Demetriadem
2195 2208 2388 2290 prius
2431 2227 2548 2276 oc-

358 2306 543 2371 culto
574 2306 813 2371 itinere
854 2306 1149 2384 intraret,
1193 2323 1397 2390 quam
1426 2307 1514 2371 ab
1544 2305 1742 2372 Iolco
1771 2306 1858 2373 ad
1895 2308 2122 2372 urbem
2153 2313 2380 2374 castra
2409 2327 2547 2374 mo-

360 2413 598 2474 verent
640 2405 962 2472 Romani.
1048 2405 1139 2472 Et
1160 2406 1187 2446 ⁸
1230 2408 1321 2472 ab
1362 2408 1942 2490 oppugnatoribus
1983 2406 2376 2487 Meliboeae,
2399 2429 2550 2477 cum

360 2509 429 2583 in
448 2507 907 2592 superioribus
934 2506 1105 2573 locis
1134 2512 1403 2591 repente
1430 2508 1882 2590 apparuisset,
1915 2528 2072 2578 cum
2101 2509 2550 2593 trepidatione

360 2610 576 2680 multa
600 2608 831 2673 relicta
858 2626 1073 2691 opera
1096 2612 1274 2686 sunt,
1304 2608 1609 2691 ignisque
1639 2607 1962 2691 injectus.
2009 2609 2123 2677 Ita
2149 2630 2192 2675 a
2223 2611 2554 2677 Meliboea

364 2710 761 2777 abscessum
788 2714 911 2774 est.
1000 2708 1419 2792 Euphranor,
1450 2708 1668 2774 soluta
1713 2709 1908 2775 unius
1949 2710 2134 2776 urbis
2173 2711 2550 2789 obsidione,

364 2810 857 2877 Demetriadem
880 2809 1225 2893 extemplo
1256 2808 1465 2876 ducit.
1559 2810 1706 2874 Nec
1737 2816 1874 2875 tum
1905 2812 2151 2876 moenia
2182 2811 2405 2890 modo,
2435 2814 2554 2879 sed

366 2930 564 2996 agros
584 2912 811 2987 etiam,
832 2910 1249 2976 confiderunt
1271 2929 1349 2975 se
1380 2930 1423 2975 a
1439 2909 1994 2995 populationibus
2015 2913 2190 2977 tueri
2213 2932 2453 2995 posse:
2484 2922 2556 2979 et

364 3014 741 3097 eruptiones
783 3013 853 3077 in
898 3032 1103 3095 vagos
1145 3012 1580 3095 populatores
1621 3031 1754 3077 non
1800 3012 1944 3076 sine
1976 3010 2356 3078 vulneribus
2399 3014 2554 3077 hos-

366 3117 537 3179 tium
586 3114 783 3180 t'actae
826 3119 1003 3180 sunt.
1090 3113 1535 3179 circumvecti
1572 3122 1796 3177 tamen
1843 3112 2095 3178 moenia
2125 3118 2282 3177 sunt
2307 3122 2558 3196 praetor

366 3224 439 3281 et
464 3234 608 3295 rex,
638 3216 843 3303 situm
871 3215 1059 3281 urbis
1089 3214 1642 3299 contemplantes,
1683 3214 1744 3279 si
1775 3233 1911 3297 qua
1935 3221 2124 3296 parte
2155 3222 2407 3280 tentare
2439 3221 2558 3280 aut

370 3336 577 3401 opere
604 3322 720 3381 aut
750 3316 829 3381 vi·
845 3322 1147 3401 possent.
1215 3316 1429 3381 Fama
1453 3315 1608 3393 fuit,
1633 3332 1754 3398 per
1774 3313 2152 3398 Cydantem
2181 3314 2558 3381 Cretensem

368 3425 442 3482 et
498 3416 989 3495 Antimachum,
1048 3418 1163 3501 qui
1222 3417 1630 3483 Demetriadi
1673 3422 1976 3501 praeerat,
2021 3422 2351 3481 tractatas
2394 3418 2561 3481 iuter

372 3514 736 3583 Eumenem
769 3524 837 3583 et
865 3517 1117 3584 Persea
1146 3518 1561 3584 conditiones
1583 3517 1918 3582 amicitiae.
1986 3514 2098 3581 Ab
2132 3517 2562 3583 Demetriade

372 3627 559 3685 certe
586 3622 971 3687 abscessum
998 3627 1124 3686 est.
1212 3619 1543 3686 Eumenes
1571 3618 1658 3686 ad
1693 3618 2030 3687 consulem
2061 3618 2375 3701 navigat3
2417 3636 2560 3702 gra-

1356 3844 1576 3897 Nom

440 3990 467 4026 ὓ
495 3992 577 4042 Aa
600 3990 782 4054 Iolcon]
816 3990 1103 4054 Magnesia
1120 3989 1437 4040 Thessalico
1509 4000 1678 4053 guse.

378 4068 606 4132 regionis
636 4067 759 4117 urb·
782 4066 955 4116 Iolcos
974 4066 1041 4115 ad
1066 4065 1231 4115 sinum
1254 4065 1437 4114 Petas-
1570 4071 1594 4098 0
1626 4066 1708 4113 Ad
1733 4060 2023 4125 Meliboemu]
2057 4060 2117 4111 l'n
2136 4060 2321 4112 eadem
2349 4061 2565 4124 Magne-

379 4142 703 4209 gicmnfuit,
726 4144 823 4193 snb
856 4143 1009 4193 Pelio
1032 4150 1225 4205 moute,
1247 4142 1437 4191 Derue-
1505 4139 1583 4188 sis
1625 4143 1740 4189 erat
1775 4138 2024 4187 Meliboea
2061 4136 2126 4185 nd
2172 4135 2566 4187 Macedonicum

378 4219 533 4269 triadi
574 4219 641 4269 ad
680 4226 875 4281 ortum,
916 4230 1055 4268 nune
1100 4217 1230 4267 Iseo.
1296 4216 1439 4266 Hine
1507 4228 1672 4273 mare,
1713 4212 1948 4263 meeidi
1998 4211 2172 4275 paludi
2217 4210 2284 4260 sd
2337 4212 2565 4277 boream,

380 4293 605 4345 traditur
643 4292 809 4346 Jason
852 4292 905 4343 iu
949 4291 1247 4342 Colehidem
1297 4290 1439 4341 nari-
1508 4290 1650 4341 inter
1671 4288 1857 4341 omn
1880 4297 1934 4341 et
1961 4288 2144 4339 Pelion
2167 4294 2384 4338 montes.
