3177 4950
1109 488 1255 537 ιω.
1302 472 1485 539 xn'v.
1533 490 1696 539 osv.
1741 474 1848 539 39.
2386 474 2561 541 3809

364 655 407 699 a
456 634 650 699 vobis
698 633 767 696 in
813 632 899 696 P.
930 630 1295 697 Africano!
1388 632 1638 697 Literni
1665 638 1722 681 ¹5
1763 632 2286 698 domicilium'et
2329 634 2559 698 sedem

363 728 573 799 fuisse
600 734 951 799 domitoris
990 731 1259 799 Africae.
1336 734 1584 800 Literni
1611 736 1990 818 sepulcrum
2021 734 2328 799 ostendii
2399 736 2562 801 Eru-

336 837 747 913 -bescamuS,
774 836 991 918 gloria
1012 836 1073 900 si
1106 854 1231 918 par
1260 836 1395 929 illis
1426 837 1584 902 viris
1616 836 1697 901 L.
1731 837 2018 901 Paullus
2058 837 2303 921 injuria
2335 848 2564 901 vestra

368 946 786 1021 exaequetur.
876 937 1053 1002 Haec
1108 938 1311 1019 igitur
1354 939 1636 1021 primum
1681 939 1961 1004 infamia
2005 938 2328 1017 deleatur,
2371 938 2562 1005 foeda

368 1039 545 1121 apud
602 1040 777 1105 alias
836 1046 1103 1121 gentes,
1156 1040 1485 1105 damnosa
1542 1042 1724 1125 apud
1781 1050 2070 1109 nostros.
2165 1041 2340 1119 Quis
2385 1042 2560 1105 enim

317 1225 335 1231 -
368 1150 485 1205 aut
540 1140 849 1207 Africani
908 1146 1029 1205 aut
1070 1142 1301 1207 Paulli
1359 1142 1605 1207 similis
1664 1162 1817 1206 esse
1867 1146 1938 1207 in
1997 1144 2256 1226 integra
2309 1150 2382 1207 et
2439 1144 2562 1207 ini·-

367 1245 547 1309 mica
604 1244 803 1310 bonis
842 1244 1113 1311 civitate
1154 1244 1365 1311 velit?
1454 1245 1533 1311 Si
1572 1245 1846 1310 infamia
1888 1246 2070 1309 nulla
2113 1254 2316 1322 esset,
2363 1251 2428 1310 et
2471 1246 2560 1311 de

370 1345 581 1427 gloria
630 1351 887 1411 tautum
932 1352 1261 1429 ageretur,
1304 1348 1423 1432 qui
1470 1347 1738 1413 tandem
1792 1347 2164 1431 triumphus
2203 1366 2338 1411 non
2383 1367 2560 1412 corn-

372 1466 634 1513 munem
676 1447 969 1512 nominis
1011 1448 1303 1514 Romani
1352 1450 1634 1533 gloriam
1671 1450 1929 1515 habet?
1954 1448 1977 1487 ⁸
2061 1448 2309 1514 Tot‘de
2341 1447 2568 1513 Gallis

373 1549 713 1633 triumphi,
762 1555 865 1615 tot
906 1550 993 1614 de
1032 1551 1391 1635 Hispanis,
1430 1558 1533 1618 tot
1571 1552 1654 1619 de
1685 1553 1946 1631 Ptenis,
1974 1552 2280 1636 ipsorum
2313 1555 2566 1615 tantum
2689 1588 2696 1591 -

371 1651 868 1734 imperatorum,
898 1671 983 1715 an
1024 1654 1269 1736 populi
1310 1652 1628 1732 Romani,
1668 1652 2022 1719 dicuntur?
2112 1651 2567 1730 Quemadmo-

373 1752 531 1815 dum
564 1772 693 1817 non
726 1752 813 1819 de
836 1753 1093 1837 Pyrrho
1122 1754 1344 1832 modo,
1370 1774 1494 1820 neo
1526 1754 1612 1819 de
1641 1754 2047 1831 Hannibale,
2071 1753 2187 1819 sed
2208 1752 2298 1819 de
2325 1750 2567 1836 Epiro-

371 1854 459 1917 tis
504 1852 1305 1941 Carthaginiensibusque
1345 1856 1664 1941 triumphi
1703 1856 1844 1921 acti
1891 1864 2082 1935 sunt3
2127 1856 2228 1919 sie
2269 1874 2400 1919 uon
2447 1853 2570 1919 Μ’.

374 1953 619 2037 Curius
636 1954 694 1997 ¹⁶
741 1964 1027 2036 tantum,
1056 1978 1181 2023 uec
1214 1958 1295 2023 P.
1319 1957 1694 2037 Cornelius,
1721 1956 1849 2024 sed
1881 1956 2172 2022 Romani
2201 1956 2565 2039 triumpha-

372 2063 542 2121 runt.
624 2057 923 2147 ¹Militum
976 2058 1255 2144 quidem
1296 2059 1571 2143 propria
1607 2066 1711 2125 est
1743 2078 1972 2138 causa,
2012 2060 2126 2143 qui
2161 2065 2230 2123 et
2257 2059 2394 2142 ipsi
2423 2059 2568 2121 lau-

374 2159 541 2224 reati
580 2165 649 2224 et
680 2160 961 2245 quisque
1005 2159 1219 2239 donis,
1255 2162 1505 2244 quibus
1545 2159 1784 2226 donati
1813 2166 1990 2238 sunt,
2021 2159 2318 2241 insigues
2345 2158 2569 2223 trium-

374 2262 583 2347 phum
607 2263 873 2329 nomine
888 2263 1121 2340 cient:
1147 2280 1447 2345 suasque
1468 2270 1534 2327 et
1552 2262 1969 2346 imperatoris
1992 2260 2230 2327 laudes
2253 2264 2572 2325 canentes

374 2384 492 2446 per
519 2366 747 2431 urbem
776 2362 1122 2431 incedunt.
1188 2364 1265 2429 Si
1292 2364 1559 2448 quando
1583 2384 1718 2428 non
1748 2362 2086 2445 deportati
2111 2382 2198 2427 ex
2230 2362 2574 2446 provincia

374 2466 625 2532 milites
652 2466 737 2530 ad
776 2466 1175 2549 triumphum
1216 2466 1369 2544 sint,
1412 2464 1741 2544 fremuut3
1783 2471 1854 2529 et
1884 2472 2108 2529 tamen
2137 2468 2275 2528 tum
2305 2483 2572 2549 quoque

376 2587 453 2632 se
496 2570 837 2645 absentes,
878 2568 1066 2650 quod
1108 2568 1254 2630 suis
1289 2567 1594 2630 manibus
1639 2573 1834 2648 parta
1869 2565 2151 2629 victoria
2195 2565 2307 2642 sit,
2344 2551 2582 2630 trium-⁴

376 2668 583 2752 phare
614 2669 904 2734 credunt.
950 2667 1024 2732 Si
1051 2669 1206 2751 quis
1230 2686 1354 2732 vos
1380 2668 1766 2748 interroget,
1795 2666 2062 2739 milites,
2089 2666 2176 2730 ad
2205 2685 2412 2749 quam
2435 2685 2573 2730 rem

374 2772 441 2834 iu
475 2769 747 2836 Italiam
776 2770 1127 2853 deportati,
1161 2779 1231 2834 et
1262 2789 1394 2834 non
1434 2771 1686 2846 statim,
1731 2767 2034 2833 confecta
2073 2766 2445 2850 provincia,
2473 2768 2574 2832 di-

378 2872 564 2937 missi
610 2873 809 2937 sitis?
855 2871 1019 2956 quid
1066 2872 1355 2937 Romam
1402 2872 1778 2955 frequentes
1821 2872 1944 2935 sub
1987 2870 2194 2952 siguis
2239 2870 2577 2947 vener-isse,

379 2972 539 3057 quid
587 2973 933 3038 moremini
978 2973 1107 3050 hic,
1152 2981 1221 3038 et
1262 2991 1397 3036 nou
1438 2972 1682 3038 diversi
1721 2972 1960 3036 domos
1994 2971 2280 3056 quisque
2315 2971 2578 3035 abeatis

379 3082 637 3138 vestras
658 3075 689 3138 ‘i
734 3073 897 3158 quid
947 3074 1131 3139 aliud
1170 3075 1652 3160 respondeatis,
1691 3093 1892 3158 quam
1935 3093 2058 3138 vos
2091 3074 2576 3156 triumphantes

378 3175 591 3240 videri
618 3175 839 3240 velle?
902 3175 1056 3240 Vos
1084 3185 1273 3240 certe
1304 3176 1591 3242 victores
1623 3176 1928 3260 conspici
1950 3175 2124 3241 velle
2156 3175 2577 3239 debebatis.¹⁷

470 3275 579 3340 39.
624 3274 797 3360 (40.)
826 3281 843 3310 ⁶
870 3277 1380 3362 Triumphatum
1410 3296 1620 3362 nuper
1649 3277 1730 3342 de
1762 3277 2106 3360 Philippo,
2137 3287 2328 3360 patre
2355 3275 2578 3359 hujuS,

454 3423 475 3456 ⁶
506 3424 655 3474 Estne
677 3423 941 3488 trimi-uu
961 3423 1149 3488 aliquit,
1168 3425 1253 3487 qui
1274 3439 1369 3475 m
1386 3424 1443 3473 in
1463 3439 1702 3474 commune
1721 3425 1788 3474 eit
1805 3426 2038 3487 gloriam
2057 3425 2223 3488 populo
2253 3425 2494 3475 Romano?

381 3636 437 3684 τὸ
458 3635 829 3700 ismeaJudicat
848 3635 1071 3700 Rupert.
1093 3643 1149 3685 et
1167 3636 1375 3700 legend.
1394 3635 1533 3687 forte
1553 3642 1798 3702 tantopere
1817 3637 1898 3689 vel
1916 3638 2236 3686 teme—1⁶
2261 3633 2278 3662 ‘
2297 3635 2407 3698 Ego
2423 3633 2579 3683 leuis-

380 3701 508 3750 sima
524 3701 885 3751 emendatione
906 3701 1025 3750 huic
1048 3702 1160 3751 loeo
1182 3701 1413 3752 succurri
1436 3715 1590 3766 poue
1609 3710 1756 3766 peto,
1777 3701 1820 3750 si
1847 3715 1940 3764 pro
1957 3699 2152 3749 Literni
2173 3715 2368 3749 meeum
2393 3700 2578 3760 legeris

383 3765 659 3814 marniae?
724 3767 897 3821 Facile
919 3774 1093 3816 autem
1116 3774 1357 3830 apparet.
1378 3768 1636 3832 quomedo
1657 3782 1716 3818 ne
1737 3782 1770 3816 a
1789 3766 1840 3818 ni
1863 3766 2128 3816 absorberi
2153 3763 2417 3828 potuerit-³
2453 3765 2580 3814 Doe-

382 3832 647 3890 ring.-16
681 3829 758 3878 M.
783 3833 960 3880 curius
996 3831 1114 3880 edd.
1150 3831 1273 3881 'ante
1309 3831 1616 3893 sigum—1¹1
1657 3831 1790 3881 Hoee
1827 3831 2003 3892 verba,
2040 3845 2152 3892 quae
2184 3841 2276 3892 pro
2311 3829 2500 3877 insulsa
2524 3833 2582 3875 et

384 3893 589 3957 ingrata
612 3893 955 3957 precedentis
976 3895 1250 3946 sententiat
1274 3897 1580 3959 repetitione
1601 3896 1760 3948 habet
1779 3895 1932 3946 Crev.
1955 3893 2194 3944 defendit
2215 3894 2370 3941 Doer.

1382 4007 1594 4060 NOTAE

389 4101 725 4168 peccaverint
766 4106 1209 4166 ante-aceeptum
1255 4105 1321 4154 ab
1376 4117 1442 4154 ee
1521 4117 1630 4153 re·
1655 4103 1706 4152 iu
1729 4103 2043 4166 Capitolium
2066 4109 2363 4164 sequentes,
2385 4107 2580 4164 prater

389 4180 533 4230 urbis
558 4194 587 4227 s
610 4177 779 4228 Gallis
802 4176 1041 4227 liberatae
1068 4179 1390 4229 beneficium.
1523 4184 1704 4229 cautus
1725 4180 1869 4242 alios,
1885 4179 2074 4242 turpius
2090 4177 2364 4227 inclamare
2379 4175 2580 4240 soiitos,

453 4263 478 4290 ⁸
513 4253 817 4316 stimulum
849 4252 1034 4302 uon-ine
1065 4254 1215 4318 cient]
1250 4256 1445 4306 Notum
1524 4256 1572 4305 io
1593 4255 1828 4319 triumphe
1848 4255 1873 4304 Ι

391 4339 476 4384 οη
505 4331 692 4384 milite·
728 4327 1131 4393 triumphantem
1170 4329 1445 4396 imperato-
