3177 4950
1120 415 1268 467 ma.
1316 416 1499 469 xnv.
1555 418 1720 467 cn.
1762 403 1826 467 6.
2391 402 2564 469 87⁵1

377 576 533 643 qne,
562 567 1009 644 praeterquam
1038 560 1221 643 qnod
1252 561 1322 625 in
1348 548 1688 645 potestate
1712 560 2164 627 Romanorum
2193 580 2350 629 sese
2378 564 2564 629 insu-

376 660 649 744 lamque
696 668 907 727 totam
966 669 1036 726 et
1092 662 1415 744 templum
1469 666 1856 731 cernebant·
1885 684 2058 743 esse,
2105 683 2192 728 ne
2232 666 2562 734 immerito

375 760 650 843 quidem
697 782 783 830 ea
823 764 953 828 sibi
992 764 1381 847 exprobrari
1424 766 1574 840 rati,
1635 766 2052 845 Theondam,
2098 769 2212 851 qui
2266 788 2564 834 summus

374 862 803 943 magistratus
824 863 1007 947 apud
1038 884 1157 929 eos
1179 870 1345 943 erat,
1364 870 1608 947 (regem
1631 868 1765 950 ipsi
1789 869 2186 951 appellant,)
2197 868 2284 943 ad
2305 870 2564 937 Persea

370 963 663 1043 mittunt,
695 966 813 1048 qui
840 965 1189 1043 nuntiaret,
1222 969 1244 1000 ‘
1266 965 1473 1047 Argui
1505 965 1718 1031 caedis
1740 967 2118 1031 Evandrum
2143 968 2558 1039 Cretensem:

372 1082 523 1129 esse
550 1076 771 1131 autem
793 1066 1059 1150 judicia
1090 1066 1275 1149 apud
1308 1084 1457 1131 sese
1486 1086 1672 1132 more
1703 1067 2030 1151 majorum
2054 1073 2444 1152 comparata
2471 1071 2558 1137 de

369 1165 481 1244 iis,
530 1166 646 1251 qui
692 1169 987 1232 incestas
1029 1186 1269 1231 manns
1318 1167 1626 1235 intulisse
1677 1171 1853 1233 intra
1897 1169 2216 1234 terminos
2257 1178 2557 1239 sacratos

372 1268 607 1351 templi
636 1268 969 1334 dieantur.
1058 1269 1137 1334 Si
1176 1268 1546 1335 confideret
1576 1268 1914 1349 Evander,
1947 1272 2284 1337 innoxium
2334 1292 2410 1337 se
2457 1274 2557 1339 rei

366 1371 681 1453 capitalis
712 1371 919 1452 argui,
953 1370 1198 1435 veniret
1224 1370 1311 1434 ad
1341 1388 1611 1435 causam
1643 1370 2032 1437 dicendam:
2063 1374 2124 1437 si
2147 1375 2558 1440 committere

368 1492 447 1537 se
466 1469 727 1555 judicio
756 1490 884 1535 non
914 1471 1212 1548 auderet,
1242 1471 1551 1536 liberaret
1578 1472 1896 1554 religione
1917 1474 2262 1557 templum,
2291 1494 2374 1540 ae
2393 1478 2558 1543 sibi-

364 1580 503 1639 met
532 1575 683 1656 ipse
712 1573 1133 1639 consuleret!
1178 1574 1496 1650 Perseus,
1518 1579 1799 1638 evocato
1820 1583 1840 1622 ³
1875 1574 2208 1653 Evandro,
2221 1576 2554 1659 judicium

364 1674 702 1739 subeundi
734 1673 937 1738 -nnllo
977 1682 1186 1758 pacto
1222 1680 1456 1739 auctor
1492 1692 1687 1738 esse:
1731 1678 1898 1739 ‘nec
1929 1694 2158 1750 causa,
2188 1694 2314 1739 nec
2345 1680 2556 1758 gratia

362 1795 589 1860 parem
616 1774 841 1852 fore,'‘
882 1776 1181 1853 (suberat
1208 1782 1278 1839 et
1302 1774 1415 1839 ille
1448 1781 1690 1851 metue,
1719 1794 1806 1839 ne
1835 1776 2190 1841 damnatus
2214 1786 2552 1848 auctorem

360 1895 435 1941 se
452 1877 717 1941 nefandi
744 1875 1065 1941 facinoris
1090 1874 1553 1961 protraheret,)
1581 1876 1850 1960 ‘reliqui
1879 1877 2041 1960 quid
2065 1884 2301 1958 esset,4
2327 1880 2459 1945 nisi
2479 1890 2555 1945 nt

356 1977 617 2043 fortiter
638 1979 1006 2043 moriatur‘l
1029 1975 1085 2015 '⁹
1179 1976 1368 2041 Nihil
1422 1978 1647 2061 palam
1697 1980 1986 2043 abnuere
2027 1979 2372 2046 Evander:
2432 1982 2552 2047 sed

360 2098 538 2157 cum,
567 2097 827 2143 veneno
876 2098 953 2143 se
998 2079 1201 2144 malle
1238 2079 1428 2158 mori,
1458 2098 1656 2171 quarn
1686 2078 1878 2155 ferro,
1911 2079 2244 2161 dixisset3
2291 2082 2554 2147 occulte

356 2179 581 2262 fugam
606 2182 907 2263 parabat.
950 2178 1155 2259 Quod
1178 2200 1331 2245 curn
1354 2180 1796 2244 renuntiatum
1821 2181 1959 2261 regi
1984 2188 2192 2257 esset,
2219 2189 2550 2262 metuens,

355 2300 465 2359 ne,
496 2278 817 2366 tanquam
847 2300 890 2345 a
920 2301 994 2347 se
1023 2272 1371 2347 subtracto
1408 2300 1631 2364 poenae
1664 2300 1800 2359 reo,
1837 2281 2004 2345 iram
2045 2282 2550 2348 Samothracum

356 2383 427 2446 in
474 2402 553 2447 se
594 2390 1023 2459 converteret,
1056 2381 1352 2447 interfici
1389 2376 1772 2445 Evandrum
1805 2379 2037 2463 jussit.
2130 2380 2290 2461 Qua
2319 2402 2552 2466 perpe-

354 2489 527 2548 trata
554 2491 802 2548 temere
832 2483 1047 2561 caede,
1076 2483 1287 2546 subiit
1313 2483 1662 2564 extemplo
1695 2478 2011 2559 animum,
2041 2481 2105 2544 in
2139 2503 2221 2546 se
2243 2485 2550 2552 nimirum

353 2590 691 2667 receptam
742 2585 989 2662 labem,
1041 2603 1195 2668 quae
1244 2582 1543 2648 Evandri
1595 2581 1919 2646 fuissetz‘
1959 2584 2048 2647 ab
2091 2583 2214 2647 illo
2259 2583 2550 2668 Delphis

352 2686 772 2751 vulneratum
806 2685 1194 2761 Eumenem,
1224 2685 1312 2748 ab
1340 2701 1417 2747 se
1457 2682 1914 2748 Samothracae
1952 2682 2332 2748 Evandrum
2365 2688 2546 2751 occiss

354 2805 527 2850 snm.
589 2787 699 2852 Ita
729 2787 864 2851 dno
892 2787 1317 2851 sanctissima
1342 2787 1409 2850 in
1444 2785 1636 2849 terris
1665 2787 1941 2868 templa,
1970 2804 2046 2849 se
2073 2803 2212 2850 uno
2245 2792 2544 2866 auctore,

352 2889 679 2968 sanguine
708 2887 993 2953 hnmano
1024 2887 1295 2952 violata.
1386 2886 1622 2969 Hujus
1651 2884 1750 2949 rei
1783 2887 2057 2968 crimen,
2084 2895 2397 2969 corrupto
2429 2907 2546 2970 pe-

351 2989 553 3052 cunia
595 2986 943 3065 Theonda,
994 2987 1337 3065 avertitur,
1392 2993 1513 3050 ut‘
1551 2987 1958 3052 renuntiaret
2003 2987 2276 3070 populo,
2321 2987 2548 3053 Evan-

349 3088 536 3153 drum
566 3089 699 3154 sibi
727 3089 951 3172 ipsum
982 3097 1263 3153 mortem
1294 3087 1656 3153 conscisse.

434 3189 504 3252 6.
550 3187 853 3253 Ceterum
897 3195 1083 3253 tanto
1115 3189 1409 3254 facinore
1452 3191 1522 3254 in
1566 3189 1839 3254 unicum
1881 3190 2182 3253 relictum
2225 3190 2538 3270 amicum,

1263 3335 1626 3363 ammovet„

348 3439 379 3485 ⁸
410 3434 569 3485 Melit
610 3434 779 3484 Drak.
810 3439 1138 3485 meacm—⁴
1173 3435 1338 3485 Gron.
1364 3437 1534 3488 Drak.
1568 3443 1625 3486 et
1666 3436 1859 3485 Bauer.
1897 3435 2094 3484 malunt
2128 3449 2247 3494 em,
2276 3442 2332 3483 ιιι
2375 3447 2534 3496 ιιι-ωε.

328 3501 479 3558 son,-
512 3505 569 3549 et
590 3497 679 3548 illa
697 3499 883 3549 uberae
905 3535 920 3551 .
938 3532 953 3547 .
971 3532 985 3549 .
1004 3500 1303 3564 protraheret
1326 3501 1695 3564 parentheseoe
1723 3499 1860 3548 noti·
1878 3497 2207 3547 ‘includenda
2238 3504 2541 3548 censent.—

346 3567 378 3610 6
413 3565 431 3591 ⁸
454 3564 583 3612 cum
610 3564 868 3626 particula
892 3569 947 3613 ne
980 3579 1011 3613 a
1048 3564 1220 3614 verbis
1248 3570 1467 3627 corrupto
1498 3563 1696 3626 nenia
1732 3563 1950 3612 Theonda
1971 3562 2216 3625 pendeat,
2241 3561 2539 3612 concinnior

346 3625 567 3739 ignem
588 3627 855 3680 incederet
878 3629 1063 3692 oratio,
1088 3628 1133 3680 ti
1159 3641 1257 3679 vox
1289 3630 1526 3680 coutitur
1561 3636 1683 3692 post
1715 3627 1943 3678 emacim
1975 3627 2181 3678 demum
2219 3626 2540 3690 poneretur?

404 3705 587 3754 ‘’mne-
1342 3771 1557 3824 No'rae

410 3875 433 3901 τ
470 3867 574 3916 Nee
594 3880 755 3926 eom,
786 3882 872 3917 nec
900 3867 1068 3930 gratia
1088 3867 1399 3932 pervasore]
1480 3873 1590 3917 tum
1626 3881 1742 3916 esse
1779 3863 2077 3930 suffugium,
2111 3879 2262 3931 qnam
2304 3871 2366 3914 nt
2410 3863 2539 3914 forti

347 3943 535 3992 Parem
566 3941 767 3991 scilicet
781 3941 982 4006 jndicio
1005 3958 1106 3994 non
1126 3942 1274 4006 fore;
1306 3943 1398 3993 sed
1480 3943 1651 3992 animo
1673 3942 1890 4006 periret.

346 4017 575 4068 futurum
598 4025 655 4068 nt
678 4016 1029 4068 damnaretur.
1544 4019 1561 4050 ί
1594 4016 1654 4065 ln
1675 4031 1726 4066 se
1745 4015 1971 4066 niuniu-m
1990 4021 2222 4078 receptam
2243 4014 2411 4077 labem,
2430 4029 2536 4078 qna

406 4103 425 4128 ⁸
466 4094 653 4158 Reliqua·
680 4093 791 4158 quid
824 4099 963 4156 met,
992 4094 1089 4142 nini
1119 4101 1173 4146 ut
1198 4093 1402 4154 fortiter
1480 4091 1907 4158 Evandrisuipoet]
1936 4091 2210 4155 Sacrilegii
2231 4103 2420 4154 nempe
2455 4105 2535 4140 re-

344 4169 599 4231 mor-intur]
632 4169 799 4219 Immo
821 4169 935 4232 qnid
966 4185 1096 4228 esne5
1145 4179 1203 4220 ιιι
1234 4171 1401 4219 Ενιιιι·
1480 4185 1565 4220 nm
1599 4183 1654 4219 ne
1691 4165 1990 4235 (Perseum)
2017 4166 2208 4217 factum
2227 4161 2365 4223 ‘esem
2398 4165 2534 4232 quod

347 4247 441 4294 dre
474 4245 699 4296 Perseus
722 4244 925 4295 diceret
958 4245 1153 4298 nullum
1182 4246 1233 4295 ei
1257 4245 1404 4297 relic·
1483 4243 1726 4296 Evandro
1751 4242 2127 4293 ascribebatur.
