3177 4950
1133 434 1277 482 ms.
1327 434 1489 482 xm.
1535 434 1701 483 cAr.
1749 418 1857 483 16.
2411 420 2597 487 3491-

387 563 592 627 tebus
617 562 982 628 imbuenda
1006 562 1118 643 sit,
1151 578 1338 645 soepe
1364 563 1534 627 bene
1579 562 1887 644 gerondas
1922 564 2019 627 rei
2061 564 2461 629 occasiones
2488 565 2591 627 in·

389 660 754 727 tercidere.’
839 661 1145 727 Probata
1192 662 1481 745 Popillii
1529 664 1885 729 excusatio
1934 669 2063 730 est.
2146 663 2231 729 P.
2284 666 2593 731 Licinius

389 761 680 827 Crassus
709 762 1060 829 sacrificiis
1089 782 1166 829 se
1195 762 1512 847 impediri
1541 765 1929 831 solennibus
1970 766 2377 843 excusabat,
2406 787 2491 831 ne
2522 769 2593 831 in

389 864 802 945 provinciam
843 866 990 929 iret.
1082 863 1368 931 citerior
1410 864 1757 949 Hispania
1796 868 2183 933 obvenerat.
2274 866 2589 933 Ceterum

390 968 510 1029 aut
543 964 642 1029 ire
677 964 944 1048 jussus,
969 973 1092 1030 aut
1124 966 1356 1049 jurare
1399 984 1524 1050 pro
1564 968 1921 1045 concione,-
1946 968 2201 1035 solenni
2250 968 2593 1033 sacrificio

389 1084 468 1129 se
495 1064 853 1147 prohiberi.
944 1065 1024 1130 ld
1057 1066 1178 1131 ubi
1205 1067 1275 1130 in
1315 1065 1405 1129 P.
1430 1066 1694 1133 lacinio
1734 1062 1833 1133 ‘ita
1872 1076 2201 1133 statutum
2242 1075 2369 1147 est,
2409 1081 2477 1133 et
2502 1072 2593 1133 ab

386 1184 460 1230 se
488 1166 590 1229 uti
610 1166 732 1249 jus
753 1165 1110 1249 jurandum
1135 1167 1536 1250 acciperent,
1563 1167 1665 1231 M.
1693 1167 2046 1233 Cornelius
2070 1169 2475 1251 postulavit,
2504 1188 2591 1235 ue

387 1268 458 1331 in
507 1266 910 1350 Hispaniam
955 1267 1338 1333 ulteriorem
1385 1268 1536 1333 iret.
1627 1268 1969 1334 Praetores
2020 1271 2223 1333 ambo
2258 1270 2329 1334 in
2358 1270 2593 1337 eadem

391 1369 592 1433 verba
620 1367 1126 1451 jurejurarunt.⁶
1213 1368 1312 1433 Μ.
1359 1369 1649 1435 Titinius
1692 1378 1765 1436 et
1806 1371 1890 1436 T.
1936 1370 2267 1437 Fonteius
2310 1384 2593 1453 procon-

390 1469 574 1533 sules
623 1488 892 1535 manere
937 1488 1094 1535 cum
1135 1469 1378 1533 eodem
1411 1470 1678 1553 imperii
1719 1470 1875 1554 jure
1904 1472 1973 1535 in
2008 1470 2357 1553 Hispania
2374 1470 2593 1555 jussi3

389 1576 460 1635 et
488 1576 560 1637 ut
590 1570 660 1634 in
691 1570 1224 1652 supplementum
1265 1570 1374 1635 his
1411 1572 1540 1636 tria
1585 1572 1801 1637 millia
1844 1572 2095 1637 civium
2138 1571 2591 1637 Romanorum

389 1690 542 1735 cum
573 1672 920 1754 equitibus
947 1670 1286 1747 ducentis,
1313 1671 1613 1754 quinque
1652 1671 1869 1737 millia
1910 1674 2167 1739 socium
2212 1671 2439 1737 Latini
2469 1690 2590 1735 no·

388 1770 594 1837 minis
619 1777 688 1837 et
716 1773 996 1837 trecenti
1025 1772 1288 1855 equites
1317 1771 1753 1837 mitterentur.

479 1872 586 1941 16.
625 1870 804 1959 (21.)
849 1873 1112 1939 Latinae
1162 1873 1350 1939 seriae
1382 1871 1570 1937 suere
1614 1880 1773 1937 ante
1824 1872 2005 1937 diem
2043 1875 2309 1939 tertium
2354 1873 2595 1941 Nonas

392 1972 616 2051 Maii‚⁷
643 1976 714 2039 in
744 1974 1015 2057 quibus,
1045 1972 1212 2057 quia
1239 1973 1308 2037 in
1338 1991 1474 2037 una
1501 1972 1723 2037 hostia
1755 1975 2181 2055 magistratus
2200 1974 2591 2041 Lanuvinus

391 2083 706 2158 precatus
731 2094 868 2141 non
889 2084 1060 2152 erat,
1108 2082 1129 2111 ⁸
1163 2073 1424 2158 populo
1473 2073 1791 2139 Romano
1830 2072 2241 2153 Quiritium:
2284 2077 2591 2158 religioni

393 2175 542 2241 fuit.
628 2177 712 2243 Id
749 2178 1040 2243 eumad
1087 2182 1396 2241 senatum
1448 2175 1735 2239 relatum
1781 2182 1987 2253 esset,
2038 2184 2453 2258 senatusque
2504 2178 2593 2241 ad

392 2278 787 2363 pontificum
805 2278 1164 2361 collegium
1185 2278 1564 2361 rejecisset3
1610 2264 2067 2360 pontificibus,
2086 2280 2247 2361 quia
2262 2295 2397 2341 non
2410 2288 2593 2345 recte

391 2364 596 2445 sactae
627 2380 896 2445 Latinae
921 2384 1170 2455 essent,
1205 2379 1599 2443 instauratis
1645 2377 1959 2457 latinis?
2003 2379 2261 2460 placuit
2302 2378 2594 2443 Lanuvi·-

391 2501 544 2559 nos,
595 2501 878 2565 quorum
921 2479 1166 2565 opera¹
1215 2482 1615 2547 instauratae
1660 2489 1915 2556 essent,
1966 2480 2221 2544 hostias
2268 2481 2593 2565 praebere.

393 2583 806 2650 Accesserat
829 2583 918 2648 ad
961 2583 1366 2665 religionem,
1415 2583 1597 2666 quod
1646 2582 1773 2648 Cn.
1807 2582 2165 2648 Cornelius
2212 2584 2478 2661 consul,
2506 2604 2591 2646 ex

391 2693 622 2752 monte
653 2686 922 2750 Albano
951 2686 1241 2761 rediens,
1271 2684 1586 2760 concidit,
1618 2692 1712 2758 et,
1740 2690 1933 2768 parte
1962 2687 2399 2750 membrorum
2430 2704 2595 2768 cap·

395 2795 532 2864 tus,
581 2787 668 2852 ad
725 2786 962 2870 Aquas
1010 2783 1350 2850 Cumanas
1401 2785 1745 2869 profectus
1788 2786 2289 2866 ingravescente
2338 2789 2597 2860 morbo,

397 2889 635 2954 Cumis
684 2887 994 2952 decessit.
1084 2886 1224 2951 Sed
1277 2886 1432 2950 inde
1485 2893 1793 2950 mortuus
1854 2883 2147 2950 Romam
2198 2886 2477 2964 allatuS,
2532 2897 2598 2952 et

393 2989 620 3053 funere
668 2979 1022 3070 magnifico
1069 2986 1292 3051 elatus
1347 2986 1793 3071 sepultusque
1842 2992 1963 3051 est.
2054 2986 2369 3050 Pontifex
2418 2987 2593 3051 idem

391 3090 640 3154 fuerat.
729 3087 991 3153 Consul
1049 3088 1139 3168 Q.
1190 3086 1521 3166 Petillios,
1577 3107 1728 3152 cum
1786 3087 2067 3171 primum
2122 3105 2239 3170 per
2290 3089 2599 3172 auspicia

395 3199 656 3276 posset,
685 3190 966 3274 collegae
997 3191 1414 3272 surrogando
1445 3188 1727 3255 comitia
1772 3189 2019 3255 habere
2054 3191 2319 3275 jussus,
2348 3199 2419 3254 et
2464 3191 2593 3256 La·

397 3294 574 3357 tinas
604 3292 914 3358 edicere.·
977 3290 1272 3357 Comitia
1314 3292 1380 3356 in
1425 3299 1585 3357 ante
1630 3291 1809 3356 diem
1856 3291 2120 3356 tertium
2162 3289 2396 3356 Nonas
2426 3293 2599 3357 Sex-

396 3395 574 3472 tiles,
607 3395 884 3462 Latinas
928 3397 997 3460 in
1043 3405 1196 3460 ante
1241 3395 1466 3460 diem⁹
1517 3395 1780 3458 tertium
1826 3393 1997 3457 Idus
2032 3395 2333 3459 Sextiles
2365 3395 2599 3460 edixit.

398 3649 642 3709 noes-ing.
698 3648 851 3712 prob.
877 3647 1200 3712 Ποιητῇ-6
1235 3647 1440 3698 Mavult
1466 3649 1683 3712 Rupere.
1704 3647 1953 3708 jurarunt.

461 3719 493 3764 7
526 3713 690 3762 Drak.
721 3713 918 3763 mavult
954 3713 1120 3762 Nm·
1149 3713 1428 3762 Maiam—8
1459 3720 1474 3743 ⁴
1503 3714 1771 3776 Repetitio
1794 3711 2067 3761 admodum
2092 3708 2359 3772 displicet,
2380 3721 2435 3762 et
2459 3711 2600 3764 forte

397 3780 503 3842 leg.
537 3778 852 3842 pontificibus,
875 3779 988 3842 quia
1021 3791 1116 3826 aaa
1141 3781 1270 3826 reete
1286 3778 1442 3837 saeta
1463 3777 1657 3826 Latine
1678 3782 1847 3833 essent,
1879 3777 2077 3837 placuit,
2100 3773 2391 3838 Lan-oinos,
2408 3790 2603 3839 quarm

397 3857 538 3906 opera
561 3843 884 3896 instauranda
905 3848 1079 3898 eueni,
1101 3841 1283 3890 hotias
1311 3841 1535 3904 prebere,
1559 3842 1641 3888 vel
1662 3840 1773 3903 qn·-
1794 3853 1886 3888 ιιωι
1908 3845 2036 3888 reete
2054 3837 2209 3898 facta
2228 3847 2401 3894 essent,
2420 3841 2601 3890 instau-

398 3907 728 3956 rat-ildino
762 3907 964 3970 plauit.
985 3905 1362 3968 Lanuvinosque,
1381 3918 1578 3968 quom
1608 3917 1747 3966 oper·
1768 3903 2093 3952 instauranda
2122 3900 2233 3950 cet!
2265 3903 2427 3952 Drak.
2496 3906 2601 3954 Pro

399 3975 525 4020 recte
563 3971 790 4020 malebat
820 3970 997 4032 Sigon.
1033 3971 1242 4018 rita—9
1281 3969 1339 4018 In
1361 3969 1485 4017 diem
1517 3967 1627 4017 111.
1662 3967 1791 4016 Nou.
1822 3965 1959 4014 Sext.
1992 3965 2198 4016 Latinas
2228 3969 2290 4015 ad
2323 3968 2447 4015 diem
2480 3969 2600 4017 edd.

1397 4077 1617 4128 No'rAE

467 4179 728 4236 *Quorum
786 4179 953 4241 opem]
1019 4177 1184 4226 Immo
1244 4189 1458 4240 quornm
1543 4169 1783 4225 iteranda
1805 4179 1997 4221 essent.

401 4257 587 4321 gratia.
627 4253 708 4302 vel
753 4253 926 4316 potius
954 4253 1129 4315 eulpa,
1166 4251 1280 4300 lia-c
1319 4261 1466 4299 sacra
