3177 4950
1169 450 1312 498 ωιι.
1363 450 1526 499 xm,
1574 450 1737 499 car.
1782 433 1847 497 6.
2418 433 2591 501 34⁷7

400 592 516 659 nio
549 599 826 676 praetore
857 592 1050 657 datus
1097 594 1166 655 in
1213 590 1360 657 aede
1411 593 1719 665 B'ellonae
1772 594 1859 656 ad
1908 592 2335 659 disserendas
2360 602 2417 633 ²⁰
2463 616 2594 672 resi,

402 715 574 778 quas
599 695 1014 777 gessissent:
1051 694 1626 776 postulandosque
1666 695 1953 757 honores
1984 696 2273 765 meritos,
2302 702 2377 758 ut
2406 696 2593 760 Diis·

402 796 894 867 immortalibus
923 795 1280 861 haberetur
1300 795 1542 859 honos.
1634 795 1889 859 Eodem
1920 801 2212 879 tempore
2244 801 2313 860 et
2342 797 2411 860 in
2446 798 2598 861 Sar·

407 898 590 963 dinia
637 916 941 979 maguum
997 898 1350 961 tumultum
1389 916 1562 973 esse,
1608 897 1827 961 literis
1864 896 1951 960 Τ.
1982 897 2243 961 AEbutii
2288 899 2598 980 praetoris

405 1000 736 1079 cognitum
757 1006 890 1075 est,
912 1017 1084 1080 quas
1103 998 1282 1062 filius
1305 997 1454 1081 ejus
1479 998 1566 1061 ad
1590 1005 1889 1063 senatum
1910 996 2241 1062 attulerat.
2288 998 2596 1076 Ilienses,

401 1099 742 1183 adjunctis
774 1099 1168 1165 Balarorum
1197 1098 1518 1175 auxilii&⁸
1552 1102 1865 1181 pacatam
1892 1098 2303 1180 provinciam
2336 1100 2601 1163 invase-

401 1207 588 1281 rant3
633 1220 758 1265 nec
789 1202 892 1265 eis
919 1199 1217 1266 invalido
1244 1202 1550 1265 exercitu
1581 1206 1651 1265 et
1678 1218 1919 1279 magua
1948 1204 2178 1282 purte²
2210 1200 2599 1283 pestilentia

403 1302 717 1365 absumto
747 1301 971 1366 resisti
1007 1306 1286 1383 poterat.
1375 1300 1629 1365 Eadem
1674 1309 1743 1365 et
1786 1298 2151 1365 Sardorum
2190 1300 2397 1382 legati
2438 1320 2602 1365 nun·

404 1402 662 1467 tiabant
701 1409 996 1480 orantes,
1031 1408 1105 1467 ut
1136 1403 1412 1467 urbibus
1452 1402 1687 1467 saltem
1718 1401 1748 1485 (
1760 1404 1905 1486 jam
1936 1402 2111 1465 enim
2142 1421 2341 1483 agros
2374 1402 2603 1486 deplo-

405 1511 596 1567 ratos
623 1502 812 1587 esse)
853 1522 1056 1585 opem
1097 1512 1370 1567 senatus
1413 1502 1631 1568 ferret.
1723 1503 1901 1567 Haec
1935 1503 2214 1583 legatio,
2244 1511 2600 1586 totumque

407 1604 586 1686 quod
615 1605 702 1670 ad
729 1604 1106 1668 Sardiniam
1138 1605 1532 1686 pertinebat,
1565 1602 1651 1667 ad
1682 1624 1901 1667 novos
1931 1604 2363 1686 magistratus
2390 1606 2604 1687 rejec-

407 1711 550 1771 tum
581 1712 712 1771 est.
800 1705 1028 1789 AEque
1055 1704 1458 1769 miserabilis
1506 1705 1755 1785 legatio
1796 1704 2183 1788 Lyciorum,
2214 1707 2331 1789 qui
2372 1707 2605 1771 crude·

405 1805 670 1872 litatem
705 1804 1148 1884 Rhodiorum,
1187 1806 1438 1890 quibus
1475 1806 1564 1871 ab
1601 1805 1681 1869 L.
1709 1805 2019 1869 Cornelio
2055 1806 2373 1888 Scipione
2414 1808 2606 1871 attri-

407 1906 554 1971 buti
599 1914 810 1983 erant,
854 1909 1341 1990 querebantur:
1390 1912 1411 1941 ‘
1437 1906 1679 1971 Fuisse
1724 1908 1854 1971 sub
1909 1906 2162 1971 ditione
2207 1905 2519 1973 Antiochi
2548 1917 2605 1973 :³

408 2027 552 2077 eam
585 2008 834 2091 regiam
864 2010 1270 2086 servitutem,
1299 2000 1615 2074 coll'atam
1646 2028 1795 2074 cum
1828 2010 2149 2091 praesenti
2188 2015 2392 2085 statu,
2437 2029 2606 2090 prae-

411 2109 656 2175 claram
685 2109 1062 2175 libertatem
1107 2111 1342 2175 visam.
1434 2108 1500 2173 N
1505 2128 1593 2173 on
1640 2110 1915 2191 publico
1964 2114 2225 2173 tantum
2274 2130 2347 2173 se
2390 2110 2607 2192 premi

411 2210 718 2291 imperio,
759 2209 880 2275 sed
927 2210 1268 2293 singulos*
1303 2210 1558 2293 justum
1604 2210 1746 2293 pati
1790 2210 2175 2281 servitium.t
2257 2210 2479 2275 Juxta
2530 2230 2607 2275 se

411 2311 728 2394 conjuges
758 2312 1144 2395 liberosque
1175 2312 1408 2375 vexari
1431 2332 1448 2374 ε
1470 2318 1499 2347 '²
1543 2311 1615 2373 in
1644 2330 1915 2393 corpus,
1944 2312 2013 2375 iu
2046 2319 2305 2394 tergum
2340 2314 2607 2377 saeviri:

411 2410 680 2491 samam,
723 2414 908 2497 quod
959 2412 1298 2495 indignum
1352 2413 1464 2489 sit,
1511 2412 1841 2478 maculari
1884 2412 2487 2496 dehonestarique3
2545 2419 2612 2478 et

413 2514 642 2596 palam
685 2533 790 2578 res
831 2515 1108 2580 odiosas
1149 2514 1316 2590 fieri,
1358 2515 1530 2596 juris
1575 2515 1783 2576 etiam
1828 2514 2191 2596 usurpandi
2238 2533 2487 2594 causa3
2530 2533 2613 2578 ne

411 2633 535 2697 pro
562 2614 768 2679 dubio
795 2614 1110 2693 habeant,
1141 2616 1306 2681 nihil
1335 2617 1504 2680 inter
1527 2634 1605 2678 se
1628 2623 1699 2678 et
1726 2620 1995 2698 argento
2014 2624 2258 2698 parata
2280 2615 2617 2699 mancipia

1328 2760 1689 2783 ΟΟΟΟΟΟΟΟΟ

410 2859 742 2922 mroguudoe.
745 2861 874 2907 —20
889 2861 1232 2909 Edisseruudus
1247 2860 1412 2910 Οτι-οη.
1433 2861 1582 2924 prob
1609 2861 1762 2908 Cres.
1805 2859 2081 2922 vulgatam
2107 2861 2229 2908 leet.
2254 2859 2617 2908 tuenturDuk.

417 2930 474 2970 et
491 2923 656 2971 Drek.
658 2926 754 2970 —1
770 2923 838 2971 Ee
859 2929 912 2972 ut
929 2924 1042 2972 Diis
1059 2925 1214 2973 Crev.
1238 2926 1387 2986 prob.
1402 2925 1565 2975 Grou.
1581 2925 1747 2974 Drsk.
1756 2931 1809 2973 et
1832 2925 1920 2972 sn.
1945 2923 2163 2983 improb.
2189 2924 2347 2970 Doer.
2350 2925 2483 2970 —2‘
2503 2925 2621 2972 Nisi

415 2987 517 3098 Ιῖῖ.
549 3000 804 3048 παρῶσαι
831 2993 986 3050 parte,
1009 2988 1093 3037 vel
1126 3003 1348 3049 mnam
1381 2989 1601 3051 purtemss
1638 2988 1801 3037 Drak.
1804 2991 1898 3034 ——3
1934 2985 2103 3035 Drsk.
2127 2985 2369 3034 emendat
2392 2985 2549 3044 fuisse
2570 3002 2620 3034 se

517 3049 699 3099 ditione
723 3047 963 3100 Antiochi.
967 3057 1062 3100 -4
1088 3051 1105 3080 ‘
1131 3051 1292 3102 Forte
1313 3053 1609 3114 singulorum
1632 3067 1705 3101 sc.
1728 3049 2068 3109 Rhodiorum3
2096 3049 2177 3098 vel
2202 3051 2373 3112 potius
2400 3049 2622 3113 publice?

422 3114 622 3169 Duker·
687 3115 820 3165 Mox
837 3115 992 3176 ,iu-ria
1007 3131 1059 3165 se
1081 3131 1146 3164 ex
1166 3115 1370 3166 emend.
1391 3117 1568 3181 Sigon.
1592 3131 1685 3182 pro
1707 3116 1895 3176 jaston-
1918 3113 2055 3179 quod
2078 3113 2273 3164 habent
2292 3113 2454 3166 Grou.
2472 3115 2617 3166 Dou-

484 3329 506 3355 ¹'
526 3321 607 3372 Aa
627 3323 924 3372 disserendus
943 3337 1039 3387 res,
1059 3338 1176 3387 quus
1192 3324 1476 3389 gessissent]
1561 3328 1631 3374 tis
1656 3325 2009 3374 incommodis.

420 3397 606 3446 Verius
629 3400 871 3462 opinatur
896 3399 1059 3450 Gron.
1079 3401 1142 3448 ad
1159 3402 1480 3454 edisserendas
1626 3411 1650 3437 ¹¹
1665 3403 1827 3452 Juxta
1848 3417 1899 3452 se
1915 3401 2119 3464 [justos]
2134 3401 2349 3461 conjuges
2364 3400 2623 3462 liberosque

419 3487 523 3522 res.-
557 3473 776 3522 dicimus
799 3475 932 3523 enim
954 3476 1240 3526 edisserere
1264 3476 1482 3540 aliquid,
1563 3477 1757 3540 vexari]
1806 3478 1923 3528 Non
1960 3477 2110 3525 video
2142 3491 2235 3525 eur
2262 3475 2346 3524 hic
2380 3476 2621 3524 utiendum

424 3555 482 3600 et
503 3548 759 3599 disserere
781 3549 848 3600 de
871 3551 1062 3614 aliquo.
1563 3549 2252 3617 suspiceridebueritsigou.
2266 3560 2320 3600 et
2334 3550 2623 3613 reposuerit

485 3635 504 3659 ⁸
537 3624 754 3688 Ilienses,
773 3627 1014 3687 adsuctis
1034 3629 1322 3679 Balarorum
1343 3629 1484 3678 auxi·
1552 3629 1705 3689 juxta
1716 3644 1769 3678 se
1784 3628 2112 3692 conjugans-e·
2134 3628 2255 3676 Seio
2266 3625 2627 3690 quidemjuuxta

421 3701 529 3764 iiis]
558 3701 672 3752 Hos
695 3703 952 3752 Sardiniae
981 3707 1202 3768 populos
1227 3715 1482 3757 memorat
1564 3719 1618 3753 se
1636 3705 1771 3753 idem
1806 3717 1919 3754 esse
1944 3719 2005 3752 ee
2027 3715 2171 3768 eque
2196 3703 2389 3765 pariter
2416 3715 2623 3750 secumz

424 3778 634 3828 Strabo.
1564 3780 1655 3829 sed
1692 3781 1813 3829 novi
1842 3781 2008 3843 justas
2032 3777 2263 3841 nuptias,
2283 3778 2476 3839 justam
2498 3789 2627 3824 uxo·

487 3853 506 3886 ί
535 3853 735 3902 santum
753 3853 858 3915 pati
879 3853 1148 3917 servitium]
1171 3855 1292 3904 Nou
1308 3854 1483 3905 faten-
1565 3869 1691 3913 rem,
1706 3858 1979 3919 justosque
2001 3855 2191 3903 liberos
2218 3861 2364 3902 recte
2384 3853 2509 3914 diei,
2531 3865 2626 3913 pro

425 3934 514 3977 tur
534 3929 744 3993 quidem
771 3929 916 3994 Lycii
941 3945 996 3979 se
1023 3933 1218 3994 justum
1243 3930 1296 3980 iu
1319 3933 1478 3980 servi·
1567 3930 1812 3992 legitimis
1834 3945 1851 3991 3
1884 3929 2247 3994 indigniusque
2270 3943 2385 3978 esse
2409 3930 2453 3977 si
2477 3929 2629 3990 justa

428 4010 594 4052 tutem
630 4019 661 4053 e
699 4003 916 4055 Rhodiis
955 4020 1070 4055 esse
1092 4005 1362 4056 redactosz
1395 4007 1487 4055 sed
1569 4005 1777 4068 conjux,
1800 4005 2037 4068 Justique
2072 4005 2221 4054 liberi
2247 4005 2379 4052 male
2402 4005 2627 4051 habesn-

425 4080 504 4129 its
542 4081 699 4140 premi
737 4089 790 4130 et
815 4082 1016 4140 vexari,
1045 4081 1192 4146 quasi
1220 4083 1340 4145 jure
1366 4095 1488 4146 gen·
1569 4086 1675 4141 tur,
1706 4093 1859 4144 quam
1892 4080 1933 4128 si
1973 4081 2025 4128 in
2062 4079 2419 4137 concubinam,
2444 4083 2532 4126 eut
2572 4080 2625 4126 in

429 4159 555 4203 tium
593 4153 725 4205 facti
761 4164 939 4206 essent
975 4157 1176 4206 iliorum
1215 4159 1384 4215 servi3
1413 4156 1490 4206 its
1569 4154 1723 4210 filios,
1766 4155 1875 4204 sive
1921 4155 2145 4218 spurios,
2189 4155 2297 4203 sive
2340 4153 2625 4216 naturales,

427 4241 489 4278 ut
511 4231 716 4294 justum
739 4233 1008 4281 servitium
1039 4231 1248 4281 dicatur
1267 4245 1361 4294 pro
1383 4243 1488 4280 ser·
1570 4232 1835 4280 saeviatur.

367 4297 373 4302 ’
431 4305 518 4355 viii
554 4307 884 4370 tractatione,
908 4307 1246 4372 omnibusque
1270 4306 1489 4356 servitu·
