3177 4950
1117 467 1261 515 mn.
1306 464 1503 517 xmr.
1546 468 1713 519 cAr.
1747 454 1857 519 231.
2081 430 2102 441 “
2393 451 2568 521 3563

379 610 577 687 eima,
602 610 665 673 si
693 610 927 693 utique
948 609 1138 693 optio
1160 610 1407 675 domini
1431 611 1716 692 potioris
1740 610 2024 687 daretur,
2049 612 2174 675 sub
2205 610 2561 689 Romanis,

380 729 584 793 qnam
615 710 743 774 sub
768 727 943 791 rege,
974 709 1265 775 malebat
1301 730 1495 775 esse:
1542 713 1604 775 si
1641 712 1918 777 liberum
1959 712 2180 776 inde²⁰
2219 714 2560 777 arbitrium

377 812 657 875 sortunae
686 816 885 887 esset,
920 816 1215 875 neutram
1246 816 1509 894 partem
1539 812 1860 877 volebant
1888 815 2330 896 potentiorem
2359 815 2562 879 altera

378 931 705 996 oppressa
724 913 865 977 fieri
890 932 907 991 3
940 912 1085 989 sed,
1112 913 1395 979 illibatis
1428 916 1656 996 potius
1680 915 1932 979 viribus
1953 916 2306 997 utriusque
2329 917 2562 999 partis,

374 1033 608 1097 pacem
639 1032 729 1077 ex
758 1033 841 1078 eo
862 1022 881 1053 ¹
914 1021 1223 1079 manere.r
1308 1016 1419 1081 Ita
1448 1016 1618 1080 inter
1647 1023 1964 1099 utrosque
1985 1016 2300 1099 optimam
2333 1016 2564 1080 condi·

375 1116 618 1183 tionem
648 1116 1015 1180 civitatium
1044 1114 1209 1191 fore,
1238 1124 1623 1199 protegente
1651 1118 1860 1182 altero
1889 1136 2146 1200 semper
2171 1118 2439 1199 inopem
2473 1120 2561 1183 ab

374 1217 647 1283 alterius
676 1217 935 1302 injuria.
1026 1216 1205 1284 Haec
1236 1221 1594 1287 sentientes
1623 1220 1992 1285 certamina
2033 1219 2368 1283 fautorum
2398 1222 2558 1284 utri-

364 1335 585 1401 usque
612 1319 823 1401 partis
854 1318 1035 1381 taciti
1068 1336 1157 1382 ex
1202 1324 1349 1385 tuto
1388 1322 1807 1403 spectabant.
1897 1320 2257 1397 Consules,
2283 1340 2420 1403 quo
2447 1322 2556 1386 die

368 1419 829 1501 magistratum
856 1420 1165 1496 inierunt,
1197 1440 1288 1485 ex
1314 1427 1588 1485 senatus
1617 1421 1926 1485 consulto
1945 1442 2094 1485 cum
2125 1422 2308 1486 circa
2338 1424 2560 1487 omnia

370 1521 549 1595 fana,
578 1521 649 1585 in
683 1521 929 1603 quibus
960 1520 1435 1585 lectisternium
1469 1521 1782 1605 majorem
1807 1528 2060 1605 partem
2088 1522 2239 1586 anni
2269 1542 2420 1587 esse
2446 1544 2560 1587 so-

360 1622 477 1699 let,
508 1622 875 1705 majoribus
904 1621 1141 1689 hostiis
1170 1622 1654 1699 immolassent,
1682 1623 1836 1687 inde
1865 1643 2094 1707 preces
2124 1643 2286 1687 suas
2319 1642 2558 1709 accep-

358 1728 473 1791 tas
500 1724 589 1787 ab
621 1722 776 1787 Diis
798 1712 1283 1789 immortalibus
1305 1726 1606 1802 ominati,
1629 1726 1914 1799 senatui,
1937 1726 2062 1789 rite
2085 1724 2552 1801 sacrificatum,

364 1824 961 1909 precationemque
1011 1823 1095 1887 de
1142 1825 1323 1889 bello
1370 1824 1650 1905 factam,
1699 1826 2206 1889 renuntiarunt.⁸
2292 1824 2551 1890 Harus-

356 1926 555 2010 pices
606 1926 700 1991 ita
736 1926 1243 2007 responderunt,
1277 1932 1299 1961 ‘
1325 1927 1387 1992 si
1433 1926 1598 2011 quid
1648 1928 1740 1991 rei
1785 1946 1984 1991 novoe
2029 1926 2448 2009 inciperetur,
2480 1928 2552 1991 id

356 2026 827 2093 maturandum
853 2044 1023 2093 esse.
1092 2026 1491 2107 Victoriam,
1521 2028 1944 2111 triumphum,
1974 2030 2503 2110 prorogationem
2528 2038 2550 2077 ³

360 2129 625 2212 imperii
654 2127 1007 2213 portendi-³
1076 2129 1347 2208 Patres,
1380 2137 1397 2167 ‘
1431 2128 1608 2213 quod
1641 2129 1936 2193 faustum
1968 2128 2264 2213 felixque
2288 2131 2550 2213 populo

240 2238 255 2247 ‘
354 2228 677 2295 Romano
706 2238 909 2309 esset,
936 2232 1325 2295 centuriatis
1352 2231 1640 2295 comitiis
1669 2231 1884 2313 primo
1914 2248 2188 2313 quoque
2229 2230 2339 2294 die
2381 2231 2547 2299 serre

362 2330 449 2395 ad
479 2332 807 2414 populum
850 2330 1207 2408 consules,’
1244 2330 1616 2415 jusserunt,
1649 2338 1666 2368 ‘
1698 2338 1794 2409 ut,
1823 2330 2002 2414 quod
2034 2330 2346 2407 PerseuS,
2387 2332 2546 2395 Phi-

352 2432 528 2516 lippi
580 2432 789 2512 filius,
837 2432 1285 2502 Macedonum
1332 2451 1476 2510 rex,
1519 2433 1847 2498 adversus
1892 2430 2114 2496 foedus
2155 2450 2306 2496 cum
2353 2441 2546 2516 patre

350 2531 679 2620 Philippo
706 2537 935 2612 ictum,
972 2539 1040 2600 et
1067 2555 1299 2600 secum
1330 2541 1489 2617 post
1516 2542 1794 2598 mortem
1823 2533 1970 2617 ejus
1997 2540 2404 2611 renovatum,
2433 2555 2544 2599 so-

356 2635 487 2699 ciis
514 2634 751 2719 populi
781 2634 1073 2700 Romani
1104 2653 1285 2700 arma
1312 2634 1670 2713 intulisset,
1701 2654 1894 2716 agros
1928 2642 2282 2712 vastasset,
2314 2638 2543 2700 urbes-

354 2755 493 2818 que
518 2743 949 2819 occupasset;
992 2736 1303 2820 quodque
1349 2736 1511 2801 belli
1552 2735 1836 2819 parandi
1855 2744 1884 2786 4
1903 2743 1923 2772 ⁸
1973 2735 2296 2803 adversus
2325 2759 2539 2821 popu·

354 2837 490 2901 lum
527 2835 911 2901 Romanum
942 2837 1225 2925 consilia
1252 2838 1515 2914 inisset,
1544 2857 1757 2915 arma,
1785 2837 2048 2914 milites,
2079 2837 2364 2902 classem
2392 2841 2540 2923 ejus

354 2939 453 3004 rei
485 2956 690 3003 causa
719 2946 1223 3021 comparasset3
1265 2944 1362 3015 ut,
1405 2939 1539 3000 nisi
1576 2937 1661 3001 de
1697 2939 1783 3000 iis
1813 2939 2012 3001 rebus
2043 2938 2212 3001 satis
2241 2938 2538 3017 fecisset,

352 3040 599 3106 bellum
630 3057 781 3105 cum
810 3058 891 3104 eo
919 3038 1232 3104 iniretur?
1316 3039 1497 3104 Haec
1526 3041 1782 3120 rogatio
1805 3038 1892 3102 ad
1911 3039 2227 3124 populum
2249 3038 2390 3102 lata
2413 3047 2534 3104 est.

438 3139 547 3205 31.
592 3140 881 3205 Senatus
924 3141 1302 3206 consultum
1352 3141 1505 3206 inde
1566 3140 1814 3206 sactum
1865 3145 1988 3218 est,
2035 3145 2059 3174 ‘
2083 3139 2180 3205 Ut
2227 3142 2536 3206 consules

1274 3321 1392 3344 nu
1396 3321 1452 3344 θ’
1456 3303 1637 3344 θ’,θθθδ

348 3441 483 3486 —20
513 3435 531 3466 ‘
566 3435 673 3485 Pro
714 3437 853 3497 itale,-
884 3437 1019 3500 quod
1058 3435 1231 3500 friget,
1266 3439 1420 3489 Crev.
1459 3437 1734 3503 legendum
1777 3438 2070 3504 suspicatur
2109 3435 2238 3484 sihi:
2278 3435 2532 3498 Deerinss.

348 3501 573 3563 Rupert.
594 3501 731 3564 conj.
766 3505 1033 3550 autem—1
1069 3502 1204 3553 Vide
1230 3503 1354 3554 Not.
1398 3503 1588 3566 Delph.
1611 3501 1808 3551 inst—2
1839 3508 1856 3531 ‘
1883 3503 1996 3550 Inde
2010 3515 2170 3564 precer
2188 3513 2300 3549 em
2318 3505 2533 3560 acceptae

348 3599 364 3614 .
388 3599 403 3614 .
431 3601 442 3612 .
464 3566 833 3615 renunoeianmt:
866 3567 979 3614 lnaec
1017 3574 1132 3629 post
1166 3568 1325 3616 verba
1354 3569 1543 3631 imperti
1572 3567 1793 3629 mendi
1826 3565 2066 3628 ponenda
2102 3565 2322 3628 putabat
2359 3563 2533 3614 crev!

349 3628 651 3692 Ruptum—8
684 3629 839 3680 Quod
864 3637 1017 3692 putat
1040 3631 1211 3680 Perit.
1235 3632 1441 3686 omniuo
1474 3630 1771 3695 legendum,
1800 3629 2202 3693 propagationem,
2245 3629 2298 3676 in
2331 3633 2530 3680 textum

328 3695 553 3758 ·recepit
576 3693 833 3744 Dum—4
866 3694 1002 3744 Vide
1025 3695 1157 3746 Not.
1180 3695 1371 3760 Delpb.
1391 3694 1484 3748 lus.
1528 3697 1654 3746 Mox
1678 3695 1862 3745 iniisset
1879 3694 2044 3748 eron.
2071 3693 2286 3756 Doujat.
2307 3693 2462 3744 Crev-

1295 3851 1301 3856 ·
1334 3837 1546 3890 NoTAE

342 3937 561 3997 propter
582 3947 653 3982 ωε
685 3934 929 3996 alienum,
952 3949 1053 4000 quo
1082 3933 1403 3998 laborabant,
1480 3947 1700 3984 mere.-
1733 3946 2026 3997 quanquam
2055 3948 2118 3982 ex
2135 3948 2188 3981 eo
2211 3939 2357 3981 recte
2381 3933 2529 3984 intel-

338 4009 410 4058 δε
449 4007 605 4058 rebus
637 4010 741 4059 nnis
779 4011 1137 4074 desperarent,
1160 4011 1399 4075 quamdiu
1481 4009 1614 4073 ligas
1639 4023 1702 4056 ex
1728 4009 2028 4070 aqualitate
2051 4021 2220 4057 rernm
2256 4008 2393 4056 inter
2415 4007 2529 4057 Ma-

336 4084 527 4134 civitaa
560 4098 655 4134 sua
688 4085 741 4133 in
775 4086 957 4136 eodem
1010 4093 1151 4137 statu
1200 4073 1398 4151 p’erma-
1477 4085 1702 4134 redonas
1724 4088 1780 4132 et
1804 4084 2078 4134 Romanos.

340 4167 513 4209 neret.
1540 4166 1565 4191 ⁸
1595 4159 1824 4221 Quodque
1843 4159 1952 4208 belli
1968 4159 2193 4223 parandi]
2214 4159 2402 4209 Placet
2423 4173 2532 4210 om-

324 4263 335 4270 ·
406 4243 429 4268 ¹
463 4235 640 4285 Pacem
658 4251 722 4285 ex
740 4251 795 4285 eo
826 4237 1037 4301 maere]
1068 4235 1397 4288 Commodius
1476 4239 1600 4286 nino
1623 4235 1872 4286 Gronovii
1903 4237 2232 4300 conjectura,
2252 4251 2352 4301 qua
2375 4239 2530 4304 subji-

361 4317 481 4363 orte
504 4311 642 4377 qnod
668 4312 797 4376 legit
819 4313 985 4364 Gron.
1003 4327 1165 4376 pacem
1182 4329 1245 4364 ex
1264 4327 1399 4375 equo
1478 4314 1552 4366 cit
1574 4305 1682 4365 beni
1695 4313 1942 4380 μέγακαὶ,
1964 4313 2016 4362 id
2038 4319 2140 4378 ent,
2167 4315 2402 4378 gerendi.
