3177 4950
614 404 793 475 8574
1651 420 1720 470 τ.
1755 416 1946 468 mvn

619 568 847 634 decem
878 565 1091 632 millia
1120 565 1209 629 ab
1252 564 1444 644 mari,
1482 582 1635 629 cum
1683 548 2142 639 ascenderent,
2173 558 2468 627 concilio
2499 558 2808 644 Epirota-

618 690 763 735 rum
798 668 1053 741 babito,
1100 684 1255 731 cum
1297 684 1531 747 magno
1570 666 1862 729 omnium
1913 682 2196 729 assensu
2243 662 2458 727 auditi
2503 670 2700 741 sunt3
2741 672 2816 727 et

620 769 1145 855 quadringentos
1192 766 1562 849 ,iubentutis
1606 784 1832 831 eorum
1889 765 1960 829 in
2005 764 2306 841 Orestas,
2363 771 2442 830 ut
2489 762 2812 846 praesidio

619 879 853 935 essent
881 869 1189 933 liberatis
1216 868 1301 932 ab
1324 886 1399 931 se
1422 875 1480 905 ¹⁰
1526 864 2068 940 Macedonibus,e
2111 866 2456 931 miserunt.
2547 864 2712 928 Inde
2741 865 2814 929 in

616 971 935 1038 AEtoliam
964 969 1321 1051 progressi,
1354 987 1435 1032 ac
1474 986 1736 1051 paucos
1767 966 1862 1031 ibi
1891 967 2128 1030 morati
2155 966 2324 1041 dies,
2354 965 2511 1029 ilum
2543 966 2608 1029 in
2633 984 2810 1047 prae-

614 1072 777 1136 toris
820 1072 1061 1135 mortui
1092 1068 1315 1135 locum
1354 1068 1529 1133 alins
1572 1066 2000 1143 sufficeretur,
2045 1074 2122 1131 et
2146 1065 2434 1150 Lycisco
2469 1073 2756 1148 praetore
2775 1064 2810 1105 ‘¹

614 1173 876 1250 facto,¹¹
928 1191 1127 1255 quem
1173 1170 1634 1235 Romanorum
1675 1168 1898 1234 favere
1941 1170 2136 1233 rebus
2181 1168 2348 1233 satis
2392 1174 2807 1250 compertum

614 1278 785 1350 erat,
814 1272 1215 1337 transierunt
1251 1274 1317 1335 in
1356 1270 1808 1335 Thessaliam.
1895 1268 2002 1335 Eo
2042 1269 2244 1351 legati
2275 1265 2700 1335 Acarnanum
2731 1278 2808 1333 et

610 1374 1011 1441 Boeotorum
1056 1374 1300 1437 exules
1348 1378 1690 1438 venerunt.
1757 1371 2146 1436 Acarnanes
2189 1372 2491 1435 nuntiare
2515 1378 2562 1407 ¹²
2599 1370 2806 1452 jussi,

616 1483 636 1513 ⁸
656 1475 835 1555 Qum
860 1474 1165 1557 Philippi
1194 1474 1503 1557 primum,
1532 1472 1854 1537 Antiochi
1877 1471 2118 1537 deinde
2133 1471 2340 1548 bello,
2363 1469 2628 1553 decepti
2656 1472 2808 1554 pol-

610 1577 1099 1643 licitationibus
1146 1574 1347 1656 regis,
1390 1573 1712 1639 adversus
1749 1574 2076 1657 populum
2110 1572 2493 1637 Romanam
2523 1574 2806 1637 commi·

609 1679 871 1751 sissent,
922 1696 1007 1741 ea
1054 1676 1421 1759 corrigendi
1466 1674 1888 1741 occasionem
1923 1673 2061 1737 illis
2099 1672 2413 1737 oblatam.
2501 1673 2578 1737 Si
2621 1674 2804 1739 male

608 1778 833 1843 meriti
886 1778 1307 1843 clementiam
1366 1776 1608 1861 populi
1661 1774 1958 1840 Romani
2015 1776 2278 1856 experti
2337 1782 2586 1850 essent,
2631 1776 2802 1841 bene

606 1880 927 1945 merendo
974 1880 1437 1945 liberalitatem
1496 1874 1998 1961 experirentur?
2105 1876 2376 1941 Boeotis
2435 1878 2804 1959 exprobra-

609 1986 771 2059 tam,
801 1980 1195 2045 societatem
1212 1999 1329 2044 eos
1358 2000 1513 2044 cnm
1536 1979 1796 2045 Perseo
1813 1977 2154 2061 junxisse.
2216 1977 2338 2053 Iis,
2357 1996 2508 2041 cnm
2529 1978 2798 2060 culpam

604 2080 677 2145 in
710 2082 1097 2159 Ismeniam,
1128 2080 1493 2164 principem
1526 2080 1804 2144 alterius
1823 2078 2066 2162 partis,
2091 2077 2484 2155 conferrent,
2509 2085 2577 2143 et
2597 2098 2800 2162 qnas-

606 2183 765 2247 dam
794 2183 1107 2247 civitates
1130 2182 1600 2246 dissentientes
1621 2182 1690 2245 in
1713 2200 1986 2245 cansam
2005 2178 2378 2257 deductas,r
2408 2185 2430 2215 ‘
2453 2182 2798 2264 apparitu·

606 2301 755 2349 rum
776 2281 846 2347 id
877 2280 1074 2359 esse,’
1102 2280 1407 2345 Marcius
1438 2280 1819 2363 rospondit:
1854 2286 1875 2316 ‘
1893 2280 2174 2362 singulis
2201 2281 2374 2345 enim
2407 2282 2797 2350 civitatibus

596 2382 689 2455 ,de
717 2384 987 2468 seipsis
1016 2382 1408 2447 consulendi
1440 2387 1838 2465 potestatem
1886 2380 2232 2447 facturos.'
2313 2381 2794 2451 Thessalorum

608 2487 905 2552 Larissa
948 2483 1078 2550 fnit
1122 2485 1503 2549 concilium.
1594 2483 1702 2548 Ibi
1729 2490 1798 2548 et
1826 2483 2178 2548 Thessalis
2206 2485 2493 2566 benigna
2519 2489 2800 2552 materia

602 2587 859 2668 gratias
880 2583 1123 2666 agendi
1146 2583 1477 2648 Romanis
1498 2603 1623 2667 pro
1637 2583 1964 2648 libertatis
1983 2601 2260 2648 munere
2279 2583 2430 2662 fnit,
2449 2591 2514 2650 et
2535 2585 2794 2669 legatis,

598 2685 803 2768 qnod,
830 2693 902 2749 et
934 2684 1235 2766 Philippi
1264 2685 1449 2767 prins
1477 2690 1545 2748 et
1586 2692 1748 2767 post
1777 2681 2098 2750 Antiochi
2129 2685 2332 2762 bello,
2363 2687 2548 2750 enise
2577 2687 2792 2772 adjuti

598 2805 643 2852 a
672 2793 867 2868 gente
890 2784 1367 2850 Thessalorum
1394 2792 1636 2850 essent.
1725 2785 1882 2850 Hac
1911 2793 2144 2850 mutua
2169 2790 2792 2852 commemoratione

596 2887 975 2952 meritorum
1004 2886 1279 2951 accensi
1306 2885 1510 2950 animi
1535 2885 1978 2950 multitudinis
2000 2886 2090 2950 ad
2119 2888 2340 2952 omnia
2363 2888 2792 2965 decernenda,

596 3005 753 3068 qum
797 2985 1087 3052 Romani
1132 2987 1402 3052 vellent.
1499 2986 1888 3052 Secundum
1931 2986 2064 3052 boc
2108 2989 2466 3054 concilium
2507 2990 2708 3072 legati
2743 3009 2788 3054 a

596 3085 855 3155 Perseo
882 3107 1027 3171 rege
1056 3094 1403 3160 venerunt,
1431 3087 1680 3170 privati
1703 3086 1992 3150 maxime
2015 3087 2292 3173 hospitii
2313 3089 2784 3172 fidncia,quod

596 3267 928 3386 ‘xi-‘arbes
947 3267 1132 3330 aliq-nu
1148 3267 1368 3331 Boeotiae,
1388 3271 1601 3332 quan-eia
1621 3269 1948 3334 dianam-ent,
1967 3276 2152 3320 coactas
2169 3275 2330 3320 tam
2350 3269 2402 3320 ia
2431 3275 2596 3336 par-tea
2619 3273 2786 3322 Penei

1508 3407 1600 3430 000

594 3527 667 3575 Le
704 3539 735 3574 e
759 3522 993 3584 AEgtlipo,
1013 3533 1135 3584 opp.
1157 3521 1340 3585 Epiri!
1368 3523 1481 3572 διε.
1504 3523 1659 3572 Gran.
1722 3524 1844 3576 vid.
1869 3525 1992 3576 Not.
2017 3527 2204 3590 Delpln.
2227 3526 2458 3576 int-1⁰
2491 3527 2778 3578 pronomen

587 3604 640 3639 ae
695 3586 937 3637 alendum
958 3587 1202 3636 censebat
1226 3587 1389 3636 Drak.
1454 3587 1586 3638 Mihi
1608 3587 1692 3638 bic
1716 3589 1858 3639 locas
1875 3590 2224 3641 emendandas
2245 3592 2454 3642 videtur
2474 3592 2572 3653 sic,
2587 3597 2644 3640 at
2660 3608 2783 3657 pre-

590 3653 715 3702 sidia
734 3655 889 3700 meat
912 3648 1171 3700 liberandis
1203 3649 1485 3763 (Qu-estisz²
1504 3651 1565 3702 ab
1599 3666 1651 3702 ee
1687 3653 1971 3766 (Egit-otis)
2005 3671 2036 3704 a
2065 3655 2437 3706 Macedonibus-³
2472 3656 2780 3720 nearing.-

593 3720 653 3764 n
691 3713 931 3772 Prqtecto
958 3713 1099 3771 sacta
1132 3714 1349 3776 DonJat·
1486 3729 1531 3764 r.
1562 3716 1703 3775 sacto
1797 3723 2036 3768 rone-12
2067 3721 2085 3747 ‘
2121 3719 2288 3770 Drak.
2325 3720 2464 3783 conj.
2493 3721 2781 3771 renuti-re.

590 3779 738 3830 Idem
757 3791 873 3827 cum
896 3777 1039 3826 Duk.
1055 3785 1113 3828 et
1136 3779 1289 3828 Crev.
1316 3785 1459 3838 recte
1478 3794 1595 3829 mox
1617 3781 1742 3844 legit
1764 3783 1944 3847 decepti
1969 3783 2394 3847 pollicitationibus
2413 3785 2544 3846 regis
2563 3785 2672 3836 aive
2703 3799 2779 3835 re-

1584 3920 1805 3970 NOTAE

588 4010 769 4074 Epiro,
802 4011 937 4059 iuter
958 4003 1173 4060 Oricum
1196 4019 1252 4061 et
1284 4012 1614 4064 Panormnm.
1785 4015 1811 4050 «Ι
1844 4015 1961 4078 Ρη]
1995 4016 2055 4065 ld
2076 4025 2177 4078 est,
2199 4025 2439 4082 pretore,
2460 4033 2552 4067 sen
2574 4033 2774 4080 στρατη-

650 4095 672 4120 0
704 4087 945 4136 Liber-atis
962 4087 1023 4136 ab
1037 4102 1089 4136 se
1110 4087 1470 4154 Macedonibus]
1507 4089 1644 4154 Ipsis
1721 4093 1812 4153 γᾷ.
1874 4093 1964 4142 Sic
1985 4093 2164 4143 babuit
2185 4093 2300 4144 cod.
2323 4097 2427 4146 Mu.
2451 4109 2516 4144 ει
2537 4108 2639 4160 qao
2675 4109 2776 4144 nno

586 4161 825 4210 nimirum
860 4161 1089 4224 Orestia,
1112 4177 1171 4210 ac
1199 4163 1379 4214 vicinia
1402 4166 1643 4216 occiden·
1723 4165 1835 4217 baec
1855 4167 2016 4220 edita.
2045 4171 2100 4220 J.
2129 4169 2356 4221 caen-im.

585 4235 707 4286 talia
734 4235 783 4286 M
793 4236 1055 4287 acedoni·
1075 4237 1299 4302 populis.
