<?xml version="1.0" encoding="UTF-8"?>
<!DOCTYPE html PUBLIC "-//W3C//DTD XHTML 1.0 Transitional//EN"
    "http://www.w3.org/TR/xhtml1/DTD/xhtml1-transitional.dtd">
<html xmlns="http://www.w3.org/1999/xhtml" xml:lang="en" lang="en">
 <head>
  <title>
</title>
<meta http-equiv="Content-Type" content="text/html;charset=utf-8" />
  <meta name='ocr-system' content='tesseract 3.04.00' />
  <meta name='ocr-capabilities' content='ocr_page ocr_carea ocr_par ocr_line ocrx_word'/>
</head>
<body>
  <div class='ocr_page' id='page_1' title='image "./tliviipatavinih10rupegoog_0333.png"; bbox 0 0 3177 4950; ppageno 0'>
   <div class='ocr_carea' id='block_1_1' title="bbox 1074 417 2546 486">
    <p class='ocr_par' dir='ltr' id='par_1_1' title="bbox 1074 417 2546 486">
     <span class='ocr_line' id='line_1_1' title="bbox 1074 417 2546 486; baseline 0.004 -6"><span class='ocrx_word' id='word_1_1' title='bbox 1074 433 1215 481; x_wconf 78' lang='lat' dir='ltr'><strong>mn.</strong></span> <span class='ocrx_word' id='word_1_2' title='bbox 1264 431 1480 484; x_wconf 69' lang='grc' dir='ltr'><strong>κων.</strong></span> <span class='ocrx_word' id='word_1_3' title='bbox 1525 434 1690 482; x_wconf 67' lang='lat' dir='ltr'><strong>osv.</strong></span> <span class='ocrx_word' id='word_1_4' title='bbox 1732 417 1842 482; x_wconf 76' lang='lat'><strong>26.</strong></span> <span class='ocrx_word' id='word_1_5' title='bbox 2372 419 2546 486; x_wconf 76' lang='lat'>3699</span> 
     </span>
    </p>
   </div>
   <div class='ocr_carea' id='block_1_2' title="bbox 350 573 2544 861">
    <p class='ocr_par' dir='ltr' id='par_1_2' title="bbox 350 573 2544 861">
     <span class='ocr_line' id='line_1_2' title="bbox 352 573 2544 658; baseline 0.002 -18"><span class='ocrx_word' id='word_1_6' title='bbox 352 574 531 658; x_wconf 89' lang='lat' dir='ltr'><strong>quod</strong></span> <span class='ocrx_word' id='word_1_7' title='bbox 577 573 715 638; x_wconf 82' lang='lat' dir='ltr'><strong>fieri</strong></span> <span class='ocrx_word' id='word_1_8' title='bbox 744 573 943 637; x_wconf 89' lang='lat' dir='ltr'><strong>etiam</strong></span> <span class='ocrx_word' id='word_1_9' title='bbox 974 593 1099 638; x_wconf 82' lang='lat' dir='ltr'><strong>sua</strong></span> <span class='ocrx_word' id='word_1_10' title='bbox 1124 581 1369 656; x_wconf 85' lang='lat' dir='ltr'><strong>sponte</strong></span> <span class='ocrx_word' id='word_1_11' title='bbox 1408 574 1616 639; x_wconf 73' lang='lat' dir='ltr'><strong>taedio</strong></span> <span class='ocrx_word' id='word_1_12' title='bbox 1645 574 2012 649; x_wconf 59' lang='lat' dir='ltr'><strong>validioris,</strong></span> <span class='ocrx_word' id='word_1_13' title='bbox 2061 581 2242 641; x_wconf 88' lang='lat' dir='ltr'><strong>metu</strong></span> <span class='ocrx_word' id='word_1_14' title='bbox 2273 577 2544 646; x_wconf 84' lang='lat' dir='ltr'><strong>infirmi-</strong></span> 
     </span>
     <span class='ocr_line' id='line_1_3' title="bbox 352 674 2544 759; baseline 0.004 -19"><span class='ocrx_word' id='word_1_15' title='bbox 352 677 489 740; x_wconf 80' lang='lat' dir='ltr'><strong>oris</strong></span> <span class='ocrx_word' id='word_1_16' title='bbox 517 675 835 742; x_wconf 86' lang='lat' dir='ltr'><strong>credebat</strong></span> <span class='ocrx_word' id='word_1_17' title='bbox 859 674 1119 756; x_wconf 64' lang='lat' dir='ltr'><strong>posse,⁸</strong></span> <span class='ocrx_word' id='word_1_18' title='bbox 1160 676 1229 740; x_wconf 89' lang='lat' dir='ltr'><strong>in</strong></span> <span class='ocrx_word' id='word_1_19' title='bbox 1258 693 1341 739; x_wconf 88' lang='lat' dir='ltr'><strong>eo</strong></span> <span class='ocrx_word' id='word_1_20' title='bbox 1370 695 1563 740; x_wconf 85' lang='lat' dir='ltr'><strong>suam</strong></span> <span class='ocrx_word' id='word_1_21' title='bbox 1597 677 1866 759; x_wconf 78' lang='lat' dir='ltr'><strong>operam</strong></span> <span class='ocrx_word' id='word_1_22' title='bbox 1901 677 2240 744; x_wconf 74' lang='lat' dir='ltr'><strong>venditare</strong></span> <span class='ocrx_word' id='word_1_23' title='bbox 2271 684 2544 748; x_wconf 88' lang='lat' dir='ltr'><strong>concili-</strong></span> 
     </span>
     <span class='ocr_line' id='line_1_4' title="bbox 350 776 2544 861; baseline 0.004 -21"><span class='ocrx_word' id='word_1_24' title='bbox 350 777 529 842; x_wconf 87' lang='lat' dir='ltr'><strong>anda</strong></span> <span class='ocrx_word' id='word_1_25' title='bbox 586 777 801 860; x_wconf 84' lang='lat' dir='ltr'><strong>gratia</strong></span> <span class='ocrx_word' id='word_1_26' title='bbox 858 776 1071 856; x_wconf 83' lang='lat' dir='ltr'><strong>magis</strong></span> <span class='ocrx_word' id='word_1_27' title='bbox 1118 777 1351 859; x_wconf 88' lang='lat' dir='ltr'><strong>cupiit.</strong></span> <span class='ocrx_word' id='word_1_28' title='bbox 1442 777 1620 841; x_wconf 90' lang='lat' dir='ltr'><strong>Nam</strong></span> <span class='ocrx_word' id='word_1_29' title='bbox 1683 778 1880 842; x_wconf 87' lang='lat' dir='ltr'><strong>modo</strong></span> <span class='ocrx_word' id='word_1_30' title='bbox 1929 798 2016 842; x_wconf 88' lang='lat' dir='ltr'><strong>ne</strong></span> <span class='ocrx_word' id='word_1_31' title='bbox 2055 779 2322 861; x_wconf 79' lang='lat' dir='ltr'><strong>juvaret</strong></span> <span class='ocrx_word' id='word_1_32' title='bbox 2363 785 2544 849; x_wconf 86' lang='lat' dir='ltr'><strong>bello</strong></span> 
     </span>
    </p>
   </div>
   <div class='ocr_carea' id='block_1_3' title="bbox 356 876 2638 961">
    <p class='ocr_par' dir='ltr' id='par_1_3' title="bbox 356 876 2638 961">
     <span class='ocr_line' id='line_1_5' title="bbox 356 876 2638 961; baseline 0.003 -18"><span class='ocrx_word' id='word_1_33' title='bbox 356 876 699 943; x_wconf 82' lang='lat' dir='ltr'><strong>Romanos</strong></span> <span class='ocrx_word' id='word_1_34' title='bbox 728 883 897 943; x_wconf 82' lang='lat' dir='ltr'><strong>terra</strong></span> <span class='ocrx_word' id='word_1_35' title='bbox 924 878 1245 960; x_wconf 87' lang='lat' dir='ltr'><strong>marique,</strong></span> <span class='ocrx_word' id='word_1_36' title='bbox 1272 877 1473 942; x_wconf 89' lang='lat' dir='ltr'><strong>modo</strong></span> <span class='ocrx_word' id='word_1_37' title='bbox 1498 878 1694 960; x_wconf 86' lang='lat' dir='ltr'><strong>pacis</strong></span> <span class='ocrx_word' id='word_1_38' title='bbox 1731 880 2074 961; x_wconf 63' lang='lat' dir='ltr'><strong>patrandae</strong></span> <span class='ocrx_word' id='word_1_39' title='bbox 2103 899 2254 946; x_wconf 89' lang='lat' dir='ltr'><strong>cum</strong></span> <span class='ocrx_word' id='word_1_40' title='bbox 2287 883 2544 950; x_wconf 85' lang='lat' dir='ltr'><strong>Roma·</strong></span> <span class='ocrx_word' id='word_1_41' title='bbox 2624 891 2638 904; x_wconf 76' lang='grc'><strong>“</strong></span> 
     </span>
    </p>
   </div>
   <div class='ocr_carea' id='block_1_4' title="bbox 339 979 2632 2687">
    <p class='ocr_par' dir='ltr' id='par_1_4' title="bbox 339 979 2632 2486">
     <span class='ocr_line' id='line_1_6' title="bbox 349 979 2546 1062; baseline 0.004 -20"><span class='ocrx_word' id='word_1_42' title='bbox 349 981 457 1044; x_wconf 89' lang='lat' dir='ltr'><strong>nis</strong></span> <span class='ocrx_word' id='word_1_43' title='bbox 486 979 957 1062; x_wconf 78' lang='lat' dir='ltr'><strong>paciscebatur</strong></span> <span class='ocrx_word' id='word_1_44' title='bbox 1002 979 1377 1044; x_wconf 79' lang='lat' dir='ltr'><strong>mercedem</strong></span> <span class='ocrx_word' id='word_1_45' title='bbox 1396 999 1415 1058; x_wconf 90' lang='lat'><strong>;</strong></span> <span class='ocrx_word' id='word_1_46' title='bbox 1434 987 1463 1014; x_wconf 84' lang='lat'><strong>¹¹</strong></span> <span class='ocrx_word' id='word_1_47' title='bbox 1511 999 1594 1043; x_wconf 89' lang='lat' dir='ltr'><strong>ne</strong></span> <span class='ocrx_word' id='word_1_48' title='bbox 1637 979 1824 1044; x_wconf 87' lang='lat' dir='ltr'><strong>bello</strong></span> <span class='ocrx_word' id='word_1_49' title='bbox 1863 981 2232 1061; x_wconf 77' lang='lat' dir='ltr'><strong>interesset,</strong></span> <span class='ocrx_word' id='word_1_50' title='bbox 2261 987 2446 1051; x_wconf 80' lang='lat' dir='ltr'><strong>mille</strong></span> <span class='ocrx_word' id='word_1_51' title='bbox 2475 995 2546 1052; x_wconf 85' lang='lat' dir='ltr'><strong>et</strong></span> 
     </span>
     <span class='ocr_line' id='line_1_7' title="bbox 350 1079 2632 1163; baseline 0.003 -17"><span class='ocrx_word' id='word_1_52' title='bbox 350 1081 711 1163; x_wconf 74' lang='lat' dir='ltr'><strong>quingenta</strong></span> <span class='ocrx_word' id='word_1_53' title='bbox 756 1079 1055 1144; x_wconf 86' lang='lat' dir='ltr'><strong>talenta.¹</strong></span> <span class='ocrx_word' id='word_1_54' title='bbox 1146 1079 1231 1143; x_wconf 90' lang='lat' dir='ltr'><strong>In</strong></span> <span class='ocrx_word' id='word_1_55' title='bbox 1286 1088 1563 1163; x_wconf 87' lang='lat' dir='ltr'><strong>utroque</strong></span> <span class='ocrx_word' id='word_1_56' title='bbox 1613 1099 1747 1144; x_wconf 88' lang='lat' dir='ltr'><strong>non</strong></span> <span class='ocrx_word' id='word_1_57' title='bbox 1789 1081 1986 1146; x_wconf 87' lang='lat' dir='ltr'><strong>fidem</strong></span> <span class='ocrx_word' id='word_1_58' title='bbox 2037 1083 2236 1146; x_wconf 89' lang='lat' dir='ltr'><strong>modo</strong></span> <span class='ocrx_word' id='word_1_59' title='bbox 2281 1104 2378 1162; x_wconf 89' lang='lat' dir='ltr'><strong>se,</strong></span> <span class='ocrx_word' id='word_1_60' title='bbox 2421 1089 2540 1152; x_wconf 86' lang='lat' dir='ltr'><strong>sed</strong></span> <span class='ocrx_word' id='word_1_61' title='bbox 2622 1105 2632 1110; x_wconf 83' lang='lat'><strong>·</strong></span> 
     </span>
     <span class='ocr_line' id='line_1_8' title="bbox 350 1179 2542 1263; baseline 0.004 -19"><span class='ocrx_word' id='word_1_62' title='bbox 350 1181 617 1246; x_wconf 85' lang='lat' dir='ltr'><strong>obsides</strong></span> <span class='ocrx_word' id='word_1_63' title='bbox 646 1198 939 1263; x_wconf 86' lang='lat' dir='ltr'><strong>quoque,</strong></span> <span class='ocrx_word' id='word_1_64' title='bbox 966 1179 1125 1244; x_wconf 84' lang='lat' dir='ltr'><strong>dare</strong></span> <span class='ocrx_word' id='word_1_65' title='bbox 1168 1187 1480 1263; x_wconf 86' lang='lat' dir='ltr'><strong>paratum</strong></span> <span class='ocrx_word' id='word_1_66' title='bbox 1518 1201 1694 1257; x_wconf 85' lang='lat' dir='ltr'><strong>esse,</strong></span> <span class='ocrx_word' id='word_1_67' title='bbox 1747 1182 2166 1248; x_wconf 78' lang='lat' dir='ltr'><strong>ostendebat.</strong></span> <span class='ocrx_word' id='word_1_68' title='bbox 2253 1185 2542 1253; x_wconf 86' lang='lat' dir='ltr'><strong>Perseus</strong></span> 
     </span>
     <span class='ocr_line' id='line_1_9' title="bbox 349 1281 2542 1365; baseline 0.003 -17"><span class='ocrx_word' id='word_1_69' title='bbox 349 1282 437 1348; x_wconf 81' lang='lat' dir='ltr'><strong>ad</strong></span> <span class='ocrx_word' id='word_1_70' title='bbox 466 1302 597 1346; x_wconf 87' lang='lat' dir='ltr'><strong>rem</strong></span> <span class='ocrx_word' id='word_1_71' title='bbox 630 1281 1073 1346; x_wconf 86' lang='lat' dir='ltr'><strong>inchoandam</strong></span> <span class='ocrx_word' id='word_1_72' title='bbox 1102 1282 1604 1365; x_wconf 79' lang='lat' dir='ltr'><strong>promtissimus</strong></span> <span class='ocrx_word' id='word_1_73' title='bbox 1633 1287 1798 1358; x_wconf 90' lang='lat' dir='ltr'><strong>erat,</strong></span> <span class='ocrx_word' id='word_1_74' title='bbox 1831 1289 2110 1365; x_wconf 82' lang='lat' dir='ltr'><strong>cogente</strong></span> <span class='ocrx_word' id='word_1_75' title='bbox 2141 1291 2342 1364; x_wconf 88' lang='lat' dir='ltr'><strong>metu,</strong></span> <span class='ocrx_word' id='word_1_76' title='bbox 2365 1297 2434 1353; x_wconf 90' lang='lat' dir='ltr'><strong>et</strong></span> <span class='ocrx_word' id='word_1_77' title='bbox 2456 1289 2542 1355; x_wconf 87' lang='lat' dir='ltr'><strong>de</strong></span> 
     </span>
     <span class='ocr_line' id='line_1_10' title="bbox 350 1382 2537 1473; baseline 0.003 -25"><span class='ocrx_word' id='word_1_78' title='bbox 350 1383 709 1450; x_wconf 85' lang='lat' dir='ltr'><strong>obsidibus</strong></span> <span class='ocrx_word' id='word_1_79' title='bbox 724 1382 1139 1465; x_wconf 85' lang='lat' dir='ltr'><strong>accipiendis</strong></span> <span class='ocrx_word' id='word_1_80' title='bbox 1156 1384 1299 1448; x_wconf 89' lang='lat' dir='ltr'><strong>sine</strong></span> <span class='ocrx_word' id='word_1_81' title='bbox 1326 1382 1654 1448; x_wconf 86' lang='lat' dir='ltr'><strong>dilatione</strong></span> <span class='ocrx_word' id='word_1_82' title='bbox 1682 1385 1944 1465; x_wconf 81' lang='lat' dir='ltr'><strong>agebat,</strong></span> <span class='ocrx_word' id='word_1_83' title='bbox 1975 1395 2537 1473; x_wconf 80' lang='lat' dir='ltr'><strong>conveneratque,</strong></span> 
     </span>
     <span class='ocr_line' id='line_1_11' title="bbox 350 1483 2538 1569; baseline 0.003 -20"><span class='ocrx_word' id='word_1_84' title='bbox 350 1492 425 1549; x_wconf 89' lang='lat' dir='ltr'><strong>nt</strong></span> <span class='ocrx_word' id='word_1_85' title='bbox 451 1485 712 1568; x_wconf 86' lang='lat' dir='ltr'><strong>accepti</strong></span> <span class='ocrx_word' id='word_1_86' title='bbox 761 1483 1033 1550; x_wconf 82' lang='lat' dir='ltr'><strong>Cretam</strong></span> <span class='ocrx_word' id='word_1_87' title='bbox 1080 1485 1513 1549; x_wconf 89' lang='lat' dir='ltr'><strong>mitterentur.</strong></span> <span class='ocrx_word' id='word_1_88' title='bbox 1601 1483 1740 1550; x_wconf 91' lang='lat' dir='ltr'><strong>Ubi</strong></span> <span class='ocrx_word' id='word_1_89' title='bbox 1787 1486 1876 1550; x_wconf 86' lang='lat' dir='ltr'><strong>ad</strong></span> <span class='ocrx_word' id='word_1_90' title='bbox 1917 1488 2226 1569; x_wconf 78' lang='lat' dir='ltr'><strong>pecuniae</strong></span> <span class='ocrx_word' id='word_1_91' title='bbox 2259 1492 2538 1556; x_wconf 88' lang='lat' dir='ltr'><strong>mentio-</strong></span> 
     </span>
     <span class='ocr_line' id='line_1_12' title="bbox 347 1585 2541 1673; baseline 0.004 -23"><span class='ocrx_word' id='word_1_92' title='bbox 347 1607 495 1652; x_wconf 86' lang='lat' dir='ltr'><strong>nem</strong></span> <span class='ocrx_word' id='word_1_93' title='bbox 530 1592 797 1652; x_wconf 81' lang='lat' dir='ltr'><strong>ventum</strong></span> <span class='ocrx_word' id='word_1_94' title='bbox 824 1593 989 1666; x_wconf 85' lang='lat' dir='ltr'><strong>erat,</strong></span> <span class='ocrx_word' id='word_1_95' title='bbox 1036 1587 1133 1650; x_wconf 88' lang='lat' dir='ltr'><strong>ibi</strong></span> <span class='ocrx_word' id='word_1_96' title='bbox 1160 1585 1565 1673; x_wconf 72' lang='lat' dir='ltr'><strong>boesitabat3</strong></span> <span class='ocrx_word' id='word_1_97' title='bbox 1609 1592 1678 1651; x_wconf 89' lang='lat' dir='ltr'><strong>et</strong></span> <span class='ocrx_word' id='word_1_98' title='bbox 1706 1587 1940 1672; x_wconf 86' lang='lat' dir='ltr'><strong>utique</strong></span> <span class='ocrx_word' id='word_1_99' title='bbox 1973 1589 2247 1655; x_wconf 85' lang='lat' dir='ltr'><strong>alteram</strong></span> <span class='ocrx_word' id='word_1_100' title='bbox 2277 1592 2348 1656; x_wconf 89' lang='lat' dir='ltr'><strong>in</strong></span> <span class='ocrx_word' id='word_1_101' title='bbox 2378 1595 2541 1659; x_wconf 87' lang='lat' dir='ltr'><strong>tanti</strong></span> 
     </span>
     <span class='ocr_line' id='line_1_13' title="bbox 344 1688 2540 1776; baseline 0.003 -22"><span class='ocrx_word' id='word_1_102' title='bbox 344 1690 641 1754; x_wconf 86' lang='lat' dir='ltr'><strong>nominis</strong></span> <span class='ocrx_word' id='word_1_103' title='bbox 686 1689 953 1770; x_wconf 82' lang='lat' dir='ltr'><strong>regibus</strong></span> <span class='ocrx_word' id='word_1_104' title='bbox 997 1695 1259 1771; x_wconf 81' lang='lat' dir='ltr'><strong>turpem</strong></span> <span class='ocrx_word' id='word_1_105' title='bbox 1302 1708 1386 1754; x_wconf 90' lang='lat' dir='ltr'><strong>ac</strong></span> <span class='ocrx_word' id='word_1_106' title='bbox 1432 1688 1799 1766; x_wconf 87' lang='lat' dir='ltr'><strong>sordidam,</strong></span> <span class='ocrx_word' id='word_1_107' title='bbox 1847 1699 1918 1755; x_wconf 83' lang='lat' dir='ltr'><strong>et</strong></span> <span class='ocrx_word' id='word_1_108' title='bbox 1962 1690 2165 1769; x_wconf 86' lang='lat' dir='ltr'><strong>danti,</strong></span> <span class='ocrx_word' id='word_1_109' title='bbox 2213 1698 2282 1756; x_wconf 89' lang='lat' dir='ltr'><strong>et</strong></span> <span class='ocrx_word' id='word_1_110' title='bbox 2325 1696 2540 1776; x_wconf 81' lang='lat' dir='ltr'><strong>magis</strong></span> 
     </span>
     <span class='ocr_line' id='line_1_14' title="bbox 346 1788 2538 1874; baseline 0.002 -19"><span class='ocrx_word' id='word_1_111' title='bbox 346 1789 729 1874; x_wconf 87' lang='lat' dir='ltr'><strong>accipienti,</strong></span> <span class='ocrx_word' id='word_1_112' title='bbox 786 1788 1165 1854; x_wconf 85' lang='lat' dir='ltr'><strong>mercedem</strong></span> <span class='ocrx_word' id='word_1_113' title='bbox 1222 1809 1395 1854; x_wconf 86' lang='lat' dir='ltr'><strong>esse.</strong></span> <span class='ocrx_word' id='word_1_114' title='bbox 1482 1789 1794 1856; x_wconf 82' lang='lat' dir='ltr'><strong>Malebat</strong></span> <span class='ocrx_word' id='word_1_115' title='bbox 1839 1791 1906 1854; x_wconf 87' lang='lat' dir='ltr'><strong>in</strong></span> <span class='ocrx_word' id='word_1_116' title='bbox 1961 1811 2146 1874; x_wconf 84' lang='lat' dir='ltr'><strong>spem</strong></span> <span class='ocrx_word' id='word_1_117' title='bbox 2207 1793 2538 1860; x_wconf 81' lang='lat' dir='ltr'><strong>Romanae</strong></span> 
     </span>
     <span class='ocr_line' id='line_1_15' title="bbox 344 1891 2540 1978; baseline 0.002 -22"><span class='ocrx_word' id='word_1_118' title='bbox 344 1892 539 1974; x_wconf 82' lang='lat' dir='ltr'><strong>pacis</strong></span> <span class='ocrx_word' id='word_1_119' title='bbox 578 1911 711 1955; x_wconf 87' lang='lat' dir='ltr'><strong>non</strong></span> <span class='ocrx_word' id='word_1_120' title='bbox 739 1909 1049 1954; x_wconf 83' lang='lat' dir='ltr'><strong>recusare</strong></span> <span class='ocrx_word' id='word_1_121' title='bbox 1086 1891 1479 1973; x_wconf 83' lang='lat' dir='ltr'><strong>impensam,</strong></span> <span class='ocrx_word' id='word_1_122' title='bbox 1526 1891 1648 1954; x_wconf 86' lang='lat' dir='ltr'><strong>sed</strong></span> <span class='ocrx_word' id='word_1_123' title='bbox 1677 1909 1824 1954; x_wconf 88' lang='lat' dir='ltr'><strong>eam</strong></span> <span class='ocrx_word' id='word_1_124' title='bbox 1853 1895 2208 1974; x_wconf 87' lang='lat' dir='ltr'><strong>pecuniam</strong></span> <span class='ocrx_word' id='word_1_125' title='bbox 2239 1895 2540 1978; x_wconf 82' lang='lat' dir='ltr'><strong>perfecta</strong></span> 
     </span>
     <span class='ocr_line' id='line_1_16' title="bbox 342 1991 2535 2078; baseline 0.001 -20"><span class='ocrx_word' id='word_1_126' title='bbox 342 2013 413 2058; x_wconf 89' lang='lat' dir='ltr'><strong>re</strong></span> <span class='ocrx_word' id='word_1_127' title='bbox 442 1994 753 2059; x_wconf 86' lang='lat' dir='ltr'><strong>daturum</strong></span> <span class='ocrx_word' id='word_1_128' title='bbox 772 2013 793 2072; x_wconf 91' lang='lat'><strong>;</strong></span> <span class='ocrx_word' id='word_1_129' title='bbox 813 1999 839 2028; x_wconf 81' lang='lat'><em>²</em></span> <span class='ocrx_word' id='word_1_130' title='bbox 880 1993 1131 2057; x_wconf 87' lang='lat' dir='ltr'><strong>interea</strong></span> <span class='ocrx_word' id='word_1_131' title='bbox 1174 1991 1632 2057; x_wconf 78' lang='lat' dir='ltr'><strong>Samothracae</strong></span> <span class='ocrx_word' id='word_1_132' title='bbox 1662 1993 1730 2056; x_wconf 90' lang='lat' dir='ltr'><strong>in</strong></span> <span class='ocrx_word' id='word_1_133' title='bbox 1760 1995 2014 2076; x_wconf 81' lang='lat' dir='ltr'><strong>templo</strong></span> <span class='ocrx_word' id='word_1_134' title='bbox 2047 1995 2535 2078; x_wconf 86' lang='lat' dir='ltr'><strong>depositurum.</strong></span> 
     </span>
     <span class='ocr_line' id='line_1_17' title="bbox 344 2094 2538 2176; baseline 0 -16"><span class='ocrx_word' id='word_1_135' title='bbox 344 2095 449 2160; x_wconf 88' lang='lat' dir='ltr'><strong>Ea</strong></span> <span class='ocrx_word' id='word_1_136' title='bbox 475 2095 698 2161; x_wconf 84' lang='lat' dir='ltr'><strong>insula</strong></span> <span class='ocrx_word' id='word_1_137' title='bbox 727 2114 877 2159; x_wconf 87' lang='lat' dir='ltr'><strong>cum</strong></span> <span class='ocrx_word' id='word_1_138' title='bbox 915 2095 1131 2176; x_wconf 87' lang='lat' dir='ltr'><strong>ipsius</strong></span> <span class='ocrx_word' id='word_1_139' title='bbox 1170 2094 1445 2160; x_wconf 89' lang='lat' dir='ltr'><strong>ditionis</strong></span> <span class='ocrx_word' id='word_1_140' title='bbox 1484 2100 1689 2170; x_wconf 86' lang='lat' dir='ltr'><strong>esset,</strong></span> <span class='ocrx_word' id='word_1_141' title='bbox 1725 2094 1948 2160; x_wconf 85' lang='lat' dir='ltr'><strong>videre</strong></span> <span class='ocrx_word' id='word_1_142' title='bbox 1983 2096 2318 2162; x_wconf 86' lang='lat' dir='ltr'><strong>Eumenes</strong></span> <span class='ocrx_word' id='word_1_143' title='bbox 2373 2097 2538 2162; x_wconf 82' lang='lat' dir='ltr'><strong>nibil</strong></span> 
     </span>
     <span class='ocr_line' id='line_1_18' title="bbox 342 2196 2535 2283; baseline 0 -20"><span class='ocrx_word' id='word_1_144' title='bbox 342 2201 718 2275; x_wconf 61' lang='lat' dir='ltr'><strong>interesse:</strong></span> <span class='ocrx_word' id='word_1_145' title='bbox 767 2216 853 2261; x_wconf 87' lang='lat' dir='ltr'><strong>an</strong></span> <span class='ocrx_word' id='word_1_146' title='bbox 896 2196 1157 2262; x_wconf 80' lang='lat' dir='ltr'><strong>Pellae³</strong></span> <span class='ocrx_word' id='word_1_147' title='bbox 1210 2197 1505 2280; x_wconf 87' lang='lat' dir='ltr'><strong>pecunia</strong></span> <span class='ocrx_word' id='word_1_148' title='bbox 1550 2200 1765 2261; x_wconf 85' lang='lat' dir='ltr'><strong>esset:</strong></span> <span class='ocrx_word' id='word_1_149' title='bbox 1818 2197 1888 2260; x_wconf 86' lang='lat' dir='ltr'><strong>id</strong></span> <span class='ocrx_word' id='word_1_150' title='bbox 1927 2217 2146 2281; x_wconf 85' lang='lat' dir='ltr'><strong>agere,</strong></span> <span class='ocrx_word' id='word_1_151' title='bbox 2179 2205 2251 2263; x_wconf 88' lang='lat' dir='ltr'><strong>ut</strong></span> <span class='ocrx_word' id='word_1_152' title='bbox 2279 2207 2535 2283; x_wconf 90' lang='lat' dir='ltr'><strong>partem</strong></span> 
     </span>
     <span class='ocr_line' id='line_1_19' title="bbox 340 2269 2538 2385; baseline -0 -20"><span class='ocrx_word' id='word_1_153' title='bbox 340 2301 637 2385; x_wconf 87' lang='lat' dir='ltr'><strong>aliquam</strong></span> <span class='ocrx_word' id='word_1_154' title='bbox 680 2269 1077 2383; x_wconf 58' lang='lat' dir='ltr'><strong>praesentem</strong></span> <span class='ocrx_word' id='word_1_155' title='bbox 1123 2299 1343 2363; x_wconf 84' lang='lat' dir='ltr'><strong>ferret.</strong></span> <span class='ocrx_word' id='word_1_156' title='bbox 1432 2299 1566 2376; x_wconf 86' lang='lat' dir='ltr'><strong>Ita,</strong></span> <span class='ocrx_word' id='word_1_157' title='bbox 1605 2299 2049 2383; x_wconf 86' lang='lat' dir='ltr'><strong>nequicquam</strong></span> <span class='ocrx_word' id='word_1_158' title='bbox 2081 2301 2250 2364; x_wconf 89' lang='lat' dir='ltr'><strong>inter</strong></span> <span class='ocrx_word' id='word_1_159' title='bbox 2279 2320 2351 2364; x_wconf 83' lang='lat' dir='ltr'><strong>se</strong></span> <span class='ocrx_word' id='word_1_160' title='bbox 2379 2319 2538 2384; x_wconf 87' lang='lat' dir='ltr'><strong>cap·</strong></span> 
     </span>
     <span class='ocr_line' id='line_1_20' title="bbox 339 2397 2384 2486; baseline -0.004 -20"><span class='ocrx_word' id='word_1_161' title='bbox 339 2403 486 2480; x_wconf 88' lang='lat' dir='ltr'><strong>tati,</strong></span> <span class='ocrx_word' id='word_1_162' title='bbox 512 2401 675 2466; x_wconf 85' lang='lat' dir='ltr'><strong>nibil</strong></span> <span class='ocrx_word' id='word_1_163' title='bbox 704 2409 945 2486; x_wconf 83' lang='lat' dir='ltr'><strong>praeter</strong></span> <span class='ocrx_word' id='word_1_164' title='bbox 973 2400 1312 2464; x_wconf 85' lang='lat' dir='ltr'><strong>infamiam</strong></span> <span class='ocrx_word' id='word_1_165' title='bbox 1343 2399 1670 2462; x_wconf 65' lang='lat' dir='ltr'><strong>movere!</strong></span> <span class='ocrx_word' id='word_1_166' title='bbox 2381 2397 2384 2401; x_wconf 80' lang='grc'><em>’</em></span> 
     </span>
    </p>

    <p class='ocr_par' dir='ltr' id='par_1_5' title="bbox 340 2500 2538 2687">
     <span class='ocr_line' id='line_1_21' title="bbox 420 2500 2538 2583; baseline 0 -16"><span class='ocrx_word' id='word_1_167' title='bbox 420 2504 529 2567; x_wconf 79' lang='grc'><strong>26.</strong></span> <span class='ocrx_word' id='word_1_168' title='bbox 576 2502 727 2567; x_wconf 91' lang='lat' dir='ltr'><strong>Nec</strong></span> <span class='ocrx_word' id='word_1_169' title='bbox 757 2502 908 2567; x_wconf 78' lang='lat' dir='ltr'><strong>haec</strong></span> <span class='ocrx_word' id='word_1_170' title='bbox 941 2508 1195 2566; x_wconf 87' lang='lat' dir='ltr'><strong>tantum</strong></span> <span class='ocrx_word' id='word_1_171' title='bbox 1246 2500 1495 2566; x_wconf 89' lang='lat' dir='ltr'><strong>Perseo</strong></span> <span class='ocrx_word' id='word_1_172' title='bbox 1536 2520 1660 2583; x_wconf 86' lang='lat' dir='ltr'><strong>per</strong></span> <span class='ocrx_word' id='word_1_173' title='bbox 1705 2502 2058 2566; x_wconf 86' lang='lat' dir='ltr'><strong>avaritiam</strong></span> <span class='ocrx_word' id='word_1_174' title='bbox 2105 2508 2211 2566; x_wconf 90' lang='lat' dir='ltr'><strong>est</strong></span> <span class='ocrx_word' id='word_1_175' title='bbox 2251 2502 2538 2567; x_wconf 85' lang='lat' dir='ltr'><strong>dimissa</strong></span> 
     </span>
     <span class='ocr_line' id='line_1_22' title="bbox 340 2603 2536 2687; baseline 0 -20"><span class='ocrx_word' id='word_1_176' title='bbox 340 2624 468 2680; x_wconf 86' lang='lat' dir='ltr'><strong>res,</strong></span> <span class='ocrx_word' id='word_1_177' title='bbox 500 2624 653 2669; x_wconf 91' lang='lat' dir='ltr'><strong>cum</strong></span> <span class='ocrx_word' id='word_1_178' title='bbox 685 2605 1041 2687; x_wconf 88' lang='lat' dir='ltr'><strong>pecuniam</strong></span> <span class='ocrx_word' id='word_1_179' title='bbox 1071 2610 1284 2668; x_wconf 84' lang='lat' dir='ltr'><strong>tutam</strong></span> <span class='ocrx_word' id='word_1_180' title='bbox 1309 2608 1377 2668; x_wconf 90' lang='lat' dir='ltr'><strong>et</strong></span> <span class='ocrx_word' id='word_1_181' title='bbox 1398 2622 1638 2686; x_wconf 88' lang='lat' dir='ltr'><strong>pacem</strong></span> <span class='ocrx_word' id='word_1_182' title='bbox 1670 2603 1914 2668; x_wconf 85' lang='lat' dir='ltr'><strong>habere</strong></span> <span class='ocrx_word' id='word_1_183' title='bbox 1935 2624 2054 2687; x_wconf 89' lang='lat' dir='ltr'><strong>per</strong></span> <span class='ocrx_word' id='word_1_184' title='bbox 2073 2603 2536 2677; x_wconf 51' lang='lat' dir='ltr'><strong>Eumenem*</strong></span> 
     </span>
    </p>
   </div>
   <div class='ocr_carea' id='block_1_5' title="bbox 336 2786 2535 2915">
    <p class='ocr_par' dir='ltr' id='par_1_6' title="bbox 336 2786 2535 2915">
     <span class='ocr_line' id='line_1_23' title="bbox 404 2786 2535 2851; baseline 0 -14"><span class='ocrx_word' id='word_1_185' title='bbox 404 2786 427 2821; x_wconf 73' lang='lat'>⁶</span> <span class='ocrx_word' id='word_1_186' title='bbox 452 2788 574 2837; x_wconf 77' lang='lat' dir='ltr'><strong>Cum</strong></span> <span class='ocrx_word' id='word_1_187' title='bbox 588 2787 841 2849; x_wconf 72' lang='lat' dir='ltr'><strong>Romu,</strong></span> <span class='ocrx_word' id='word_1_188' title='bbox 856 2788 937 2850; x_wconf 72' lang='lat' dir='ltr'><strong>qui</strong></span> <span class='ocrx_word' id='word_1_189' title='bbox 948 2787 1238 2851; x_wconf 72' lang='lat' dir='ltr'><strong>potentiores</strong></span> <span class='ocrx_word' id='word_1_190' title='bbox 1257 2792 1411 2843; x_wconf 70' lang='lat' dir='ltr'><strong>erant,</strong></span> <span class='ocrx_word' id='word_1_191' title='bbox 1428 2788 1622 2836; x_wconf 83' lang='lat' dir='ltr'><strong>toederet</strong></span> <span class='ocrx_word' id='word_1_192' title='bbox 1639 2787 1955 2837; x_wconf 70' lang='lat' dir='ltr'><strong>diuturnioris</strong></span> <span class='ocrx_word' id='word_1_193' title='bbox 1975 2786 2108 2837; x_wconf 75' lang='lat' dir='ltr'><strong>belli.-</strong></span> <span class='ocrx_word' id='word_1_194' title='bbox 2141 2788 2344 2838; x_wconf 73' lang='lat' dir='ltr'><strong>Perseus</strong></span> <span class='ocrx_word' id='word_1_195' title='bbox 2359 2794 2535 2851; x_wconf 76' lang='lat' dir='ltr'><strong>sutem,</strong></span> 
     </span>
     <span class='ocr_line' id='line_1_24' title="bbox 336 2852 1396 2915; baseline -0.004 -11"><span class='ocrx_word' id='word_1_196' title='bbox 336 2852 557 2909; x_wconf 72' lang='lat' dir='ltr'><strong>debilior,</strong></span> <span class='ocrx_word' id='word_1_197' title='bbox 580 2855 683 2915; x_wconf 67' lang='lat' dir='ltr'><strong>eju</strong></span> <span class='ocrx_word' id='word_1_198' title='bbox 702 2852 813 2900; x_wconf 70' lang='lat' dir='ltr'><strong>beni</strong></span> <span class='ocrx_word' id='word_1_199' title='bbox 832 2852 1013 2900; x_wconf 66' lang='grc' dir='ltr'><strong>επίἑιιπι</strong></span> <span class='ocrx_word' id='word_1_200' title='bbox 1027 2852 1396 2915; x_wconf 68' lang='lat' dir='ltr'><strong>pertimesceret.</strong></span> 
     </span>
    </p>
   </div>
   <div class='ocr_carea' id='block_1_6' title="bbox 400 2916 1959 3043">
    <p class='ocr_par' dir='ltr' id='par_1_7' title="bbox 400 2916 1959 3043">
     <span class='ocr_line' id='line_1_25' title="bbox 406 2916 1047 2977; baseline -0.003 -13"><span class='ocrx_word' id='word_1_201' title='bbox 406 2924 429 2949; x_wconf 62' lang='grc' dir='ltr'><strong><em>θ</em></strong></span> <span class='ocrx_word' id='word_1_202' title='bbox 460 2918 691 2966; x_wconf 68' lang='lat' dir='ltr'><strong>Eumenes</strong></span> <span class='ocrx_word' id='word_1_203' title='bbox 704 2916 941 2977; x_wconf 47' lang='lat' dir='ltr'><strong>cernebat,</strong></span> <span class='ocrx_word' id='word_1_204' title='bbox 964 2918 1047 2977; x_wconf 55' lang='lat' dir='ltr'><strong>qt.</strong></span> 
     </span>
     <span class='ocr_line' id='line_1_26' title="bbox 400 2978 1959 3043; baseline -0.001 -14"><span class='ocrx_word' id='word_1_205' title='bbox 400 2978 429 3013; x_wconf 79' lang='lat'><strong>¹¹</strong></span> <span class='ocrx_word' id='word_1_206' title='bbox 465 2982 613 3029; x_wconf 74' lang='lat' dir='ltr'><strong>Nullo</strong></span> <span class='ocrx_word' id='word_1_207' title='bbox 635 2996 687 3030; x_wconf 89' lang='lat' dir='ltr'><strong>re</strong></span> <span class='ocrx_word' id='word_1_208' title='bbox 702 2985 934 3043; x_wconf 75' lang='lat' dir='ltr'><strong>promota,</strong></span> <span class='ocrx_word' id='word_1_209' title='bbox 954 2979 1204 3040; x_wconf 57' lang='lat' dir='ltr'><strong>insaniant</strong></span> <span class='ocrx_word' id='word_1_210' title='bbox 1228 2984 1415 3029; x_wconf 69' lang='lat' dir='ltr'><strong>tantm</strong></span> <span class='ocrx_word' id='word_1_211' title='bbox 1436 2979 1533 3028; x_wconf 78' lang='lat' dir='ltr'><strong>sibi</strong></span> <span class='ocrx_word' id='word_1_212' title='bbox 1552 2984 1959 3041; x_wconf 71' lang='lat' dir='ltr'><strong>comparaverunt.</strong></span> 
     </span>
    </p>
   </div>
   <div class='ocr_carea' id='block_1_7' title="bbox 1258 3104 1626 3127">
    <p class='ocr_par' dir='ltr' id='par_1_8' title="bbox 1258 3104 1626 3127">
     <span class='ocr_line' id='line_1_27' title="bbox 1258 3104 1626 3127; baseline 0.005 -2"><span class='ocrx_word' id='word_1_213' title='bbox 1258 3104 1626 3127; x_wconf 56' lang='lat' dir='ltr'><strong>OOO‘ONOONO</strong></span> 
     </span>
    </p>
   </div>
   <div class='ocr_carea' id='block_1_8' title="bbox 334 3185 2534 3831">
    <p class='ocr_par' dir='ltr' id='par_1_9' title="bbox 337 3185 2534 3443">
     <span class='ocr_line' id='line_1_28' title="bbox 338 3185 2534 3255; baseline 0 -16"><span class='ocrx_word' id='word_1_214' title='bbox 338 3190 425 3249; x_wconf 72' lang='lat' dir='ltr'><strong>tio,</strong></span> <span class='ocrx_word' id='word_1_215' title='bbox 453 3192 507 3238; x_wconf 76' lang='lat' dir='ltr'><strong>ut</strong></span> <span class='ocrx_word' id='word_1_216' title='bbox 540 3203 634 3238; x_wconf 74' lang='lat' dir='ltr'><strong>nos</strong></span> <span class='ocrx_word' id='word_1_217' title='bbox 669 3204 799 3253; x_wconf 73' lang='lat' dir='ltr'><strong>equo</strong></span> <span class='ocrx_word' id='word_1_218' title='bbox 836 3189 1021 3237; x_wconf 76' lang='lat' dir='ltr'><strong>animo.</strong></span> <span class='ocrx_word' id='word_1_219' title='bbox 1041 3220 1054 3236; x_wconf 93' lang='lat'><strong>.</strong></span> <span class='ocrx_word' id='word_1_220' title='bbox 1074 3221 1088 3236; x_wconf 92' lang='lat'><strong>.</strong></span> <span class='ocrx_word' id='word_1_221' title='bbox 1109 3188 1341 3237; x_wconf 73' lang='lat' dir='ltr'><strong>Eumenes</strong></span> <span class='ocrx_word' id='word_1_222' title='bbox 1373 3189 1558 3238; x_wconf 71' lang='lat' dir='ltr'><strong>visurus</strong></span> <span class='ocrx_word' id='word_1_223' title='bbox 1574 3188 1752 3249; x_wconf 74' lang='lat' dir='ltr'><strong>suerit.</strong></span> <span class='ocrx_word' id='word_1_224' title='bbox 1788 3188 1954 3237; x_wconf 83' lang='lat' dir='ltr'><strong>omnis</strong></span> <span class='ocrx_word' id='word_1_225' title='bbox 1986 3185 2306 3239; x_wconf 82' lang='lat' dir='ltr'><strong>difficultatis</strong></span> <span class='ocrx_word' id='word_1_226' title='bbox 2347 3204 2534 3255; x_wconf 84' lang='lat' dir='ltr'><strong>expers</strong></span> 
     </span>
     <span class='ocr_line' id='line_1_29' title="bbox 337 3252 2532 3316; baseline 0.001 -14"><span class='ocrx_word' id='word_1_227' title='bbox 337 3253 477 3302; x_wconf 69' lang='lat' dir='ltr'><strong>erit!</strong></span> <span class='ocrx_word' id='word_1_228' title='bbox 502 3252 833 3316; x_wconf 48' lang='lat' dir='ltr'><strong>Domum—1</strong></span> <span class='ocrx_word' id='word_1_229' title='bbox 862 3254 984 3301; x_wconf 69' lang='lat' dir='ltr'><strong>Vici.</strong></span> <span class='ocrx_word' id='word_1_230' title='bbox 1002 3254 1127 3302; x_wconf 85' lang='lat' dir='ltr'><strong>Not.</strong></span> <span class='ocrx_word' id='word_1_231' title='bbox 1147 3252 1341 3315; x_wconf 81' lang='lat' dir='ltr'><strong>Deipb.</strong></span> <span class='ocrx_word' id='word_1_232' title='bbox 1364 3252 1553 3303; x_wconf 70' lang='lat' dir='ltr'><strong>iun-2</strong></span> <span class='ocrx_word' id='word_1_233' title='bbox 1572 3256 1588 3279; x_wconf 80' lang='lat'><strong>⁴</strong></span> <span class='ocrx_word' id='word_1_234' title='bbox 1609 3254 1763 3302; x_wconf 83' lang='lat' dir='ltr'><strong>Forte</strong></span> <span class='ocrx_word' id='word_1_235' title='bbox 1786 3252 1984 3301; x_wconf 71' lang='lat' dir='ltr'><strong>daturus</strong></span> <span class='ocrx_word' id='word_1_236' title='bbox 2005 3261 2060 3301; x_wconf 82' lang='lat' dir='ltr'><strong>et</strong></span> <span class='ocrx_word' id='word_1_237' title='bbox 2084 3268 2199 3302; x_wconf 78' lang='lat' dir='ltr'><strong>mox</strong></span> <span class='ocrx_word' id='word_1_238' title='bbox 2222 3255 2532 3316; x_wconf 70' lang='lat' dir='ltr'><strong>depositurus,</strong></span> 
     </span>
     <span class='ocr_line' id='line_1_30' title="bbox 339 3316 2530 3381; baseline 0.002 -16"><span class='ocrx_word' id='word_1_239' title='bbox 339 3318 423 3365; x_wconf 81' lang='lat' dir='ltr'><strong>vel</strong></span> <span class='ocrx_word' id='word_1_240' title='bbox 459 3320 545 3366; x_wconf 87' lang='lat' dir='ltr'><strong>sed</strong></span> <span class='ocrx_word' id='word_1_241' title='bbox 578 3332 630 3367; x_wconf 89' lang='lat' dir='ltr'><strong>se</strong></span> <span class='ocrx_word' id='word_1_242' title='bbox 666 3332 769 3366; x_wconf 69' lang='lat' dir='ltr'><strong>ms·</strong></span> <span class='ocrx_word' id='word_1_243' title='bbox 808 3322 904 3365; x_wconf 82' lang='lat' dir='ltr'><strong>cet.</strong></span> <span class='ocrx_word' id='word_1_244' title='bbox 946 3318 1027 3365; x_wconf 80' lang='lat' dir='ltr'><strong>vei</strong></span> <span class='ocrx_word' id='word_1_245' title='bbox 1064 3318 1240 3381; x_wconf 77' lang='lat' dir='ltr'><strong>potius</strong></span> <span class='ocrx_word' id='word_1_246' title='bbox 1273 3331 1366 3366; x_wconf 72' lang='lat' dir='ltr'><strong>noa</strong></span> <span class='ocrx_word' id='word_1_247' title='bbox 1396 3331 1612 3367; x_wconf 72' lang='lat' dir='ltr'><strong>recusare</strong></span> <span class='ocrx_word' id='word_1_248' title='bbox 1643 3317 1916 3380; x_wconf 71' lang='lat' dir='ltr'><strong>inpensam.</strong></span> <span class='ocrx_word' id='word_1_249' title='bbox 1947 3316 2015 3366; x_wconf 78' lang='lat' dir='ltr'><strong>Se</strong></span> <span class='ocrx_word' id='word_1_250' title='bbox 2034 3332 2136 3367; x_wconf 75' lang='lat' dir='ltr'><strong>eam</strong></span> <span class='ocrx_word' id='word_1_251' title='bbox 2159 3320 2406 3381; x_wconf 73' lang='lat' dir='ltr'><strong>pecuniam</strong></span> <span class='ocrx_word' id='word_1_252' title='bbox 2421 3318 2530 3369; x_wconf 60' lang='lat' dir='ltr'><strong>eet!</strong></span> 
     </span>
     <span class='ocr_line' id='line_1_31' title="bbox 338 3381 1343 3443; baseline 0 -12"><span class='ocrx_word' id='word_1_253' title='bbox 338 3381 605 3431; x_wconf 51' lang='lat' dir='ltr'><strong>Dum—⁸</strong></span> <span class='ocrx_word' id='word_1_254' title='bbox 641 3382 795 3431; x_wconf 83' lang='lat' dir='ltr'><strong>Crev.</strong></span> <span class='ocrx_word' id='word_1_255' title='bbox 819 3382 955 3443; x_wconf 85' lang='lat' dir='ltr'><strong>conj.</strong></span> <span class='ocrx_word' id='word_1_256' title='bbox 984 3381 1072 3435; x_wconf 75' lang='lat' dir='ltr'><strong>ibi,</strong></span> <span class='ocrx_word' id='word_1_257' title='bbox 1090 3396 1153 3430; x_wconf 71' lang='lat' dir='ltr'><strong>aa</strong></span> <span class='ocrx_word' id='word_1_258' title='bbox 1177 3382 1343 3431; x_wconf 72' lang='lat' dir='ltr'><strong>Pella.</strong></span> 
     </span>
    </p>

    <p class='ocr_par' dir='ltr' id='par_1_10' title="bbox 334 3442 2534 3831">
     <span class='ocr_line' id='line_1_32' title="bbox 400 3442 2534 3508; baseline -0.001 -13"><span class='ocrx_word' id='word_1_259' title='bbox 400 3450 435 3495; x_wconf 74' lang='lat'>4</span> <span class='ocrx_word' id='word_1_260' title='bbox 466 3445 587 3495; x_wconf 75' lang='lat' dir='ltr'><strong>vid.</strong></span> <span class='ocrx_word' id='word_1_261' title='bbox 614 3446 739 3496; x_wconf 80' lang='lat' dir='ltr'><strong>Not.</strong></span> <span class='ocrx_word' id='word_1_262' title='bbox 762 3446 955 3507; x_wconf 79' lang='lat' dir='ltr'><strong>Dsipb.</strong></span> <span class='ocrx_word' id='word_1_263' title='bbox 992 3444 1085 3494; x_wconf 80' lang='lat' dir='ltr'><strong>inf.</strong></span> <span class='ocrx_word' id='word_1_264' title='bbox 1120 3460 1237 3494; x_wconf 86' lang='lat' dir='ltr'><strong>eum</strong></span> <span class='ocrx_word' id='word_1_265' title='bbox 1272 3444 1411 3508; x_wconf 86' lang='lat' dir='ltr'><strong>conj.</strong></span> <span class='ocrx_word' id='word_1_266' title='bbox 1447 3443 1609 3494; x_wconf 83' lang='lat' dir='ltr'><strong>Gron.</strong></span> <span class='ocrx_word' id='word_1_267' title='bbox 1631 3452 1688 3493; x_wconf 88' lang='lat' dir='ltr'><strong>et</strong></span> <span class='ocrx_word' id='word_1_268' title='bbox 1709 3442 1912 3495; x_wconf 83' lang='lat' dir='ltr'><strong>emend.</strong></span> <span class='ocrx_word' id='word_1_269' title='bbox 1937 3444 2187 3507; x_wconf 80' lang='lat' dir='ltr'><strong>Donjatii.</strong></span> <span class='ocrx_word' id='word_1_270' title='bbox 2252 3444 2268 3472; x_wconf 78' lang='lat'><em>⁶</em></span> <span class='ocrx_word' id='word_1_271' title='bbox 2293 3444 2396 3494; x_wconf 83' lang='lat' dir='ltr'><strong>Sed</strong></span> <span class='ocrx_word' id='word_1_272' title='bbox 2421 3445 2534 3493; x_wconf 85' lang='lat' dir='ltr'><strong>Du·</strong></span> 
     </span>
     <span class='ocr_line' id='line_1_33' title="bbox 336 3508 2530 3571; baseline 0 -12"><span class='ocrx_word' id='word_1_273' title='bbox 336 3510 465 3559; x_wconf 79' lang='lat' dir='ltr'><strong>kero</strong></span> <span class='ocrx_word' id='word_1_274' title='bbox 487 3524 587 3560; x_wconf 80' lang='lat' dir='ltr'><strong>vox</strong></span> <span class='ocrx_word' id='word_1_275' title='bbox 608 3508 795 3560; x_wconf 64' lang='lat' dir='ltr'><strong>mm</strong></span> <span class='ocrx_word' id='word_1_276' title='bbox 822 3510 970 3559; x_wconf 82' lang='lat' dir='ltr'><strong>nimis</strong></span> <span class='ocrx_word' id='word_1_277' title='bbox 990 3525 1021 3558; x_wconf 85' lang='lat' dir='ltr'><strong>s</strong></span> <span class='ocrx_word' id='word_1_278' title='bbox 1044 3514 1199 3559; x_wconf 71' lang='lat' dir='ltr'><strong>mess</strong></span> <span class='ocrx_word' id='word_1_279' title='bbox 1220 3511 1487 3569; x_wconf 81' lang='lat' dir='ltr'><strong>recedere,</strong></span> <span class='ocrx_word' id='word_1_280' title='bbox 1507 3511 1727 3571; x_wconf 72' lang='lat' dir='ltr'><strong>deceptu</strong></span> <span class='ocrx_word' id='word_1_281' title='bbox 1758 3523 1880 3557; x_wconf 78' lang='lat' dir='ltr'><strong>vero</strong></span> <span class='ocrx_word' id='word_1_282' title='bbox 1917 3522 2094 3571; x_wconf 77' lang='lat' dir='ltr'><strong>parum</strong></span> <span class='ocrx_word' id='word_1_283' title='bbox 2118 3508 2389 3559; x_wconf 64' lang='lat' dir='ltr'><strong>sententia</strong></span> <span class='ocrx_word' id='word_1_284' title='bbox 2409 3522 2530 3559; x_wconf 84' lang='lat' dir='ltr'><strong>con-</strong></span> 
     </span>
     <span class='ocr_line' id='line_1_34' title="bbox 338 3572 2530 3637; baseline 0.001 -16"><span class='ocrx_word' id='word_1_285' title='bbox 338 3576 513 3623; x_wconf 73' lang='lat' dir='ltr'><strong>venire</strong></span> <span class='ocrx_word' id='word_1_286' title='bbox 537 3574 778 3624; x_wconf 68' lang='lat' dir='ltr'><strong>videtum</strong></span> <span class='ocrx_word' id='word_1_287' title='bbox 816 3576 971 3623; x_wconf 85' lang='lat' dir='ltr'><strong>immo</strong></span> <span class='ocrx_word' id='word_1_288' title='bbox 990 3580 1204 3637; x_wconf 76' lang='lat' dir='ltr'><strong>receptus</strong></span> <span class='ocrx_word' id='word_1_289' title='bbox 1239 3588 1331 3636; x_wconf 86' lang='lat' dir='ltr'><strong>pro</strong></span> <span class='ocrx_word' id='word_1_290' title='bbox 1354 3575 1403 3623; x_wconf 89' lang='lat' dir='ltr'><strong>in</strong></span> <span class='ocrx_word' id='word_1_291' title='bbox 1429 3574 1710 3624; x_wconf 72' lang='lat' dir='ltr'><strong>amicitiam</strong></span> <span class='ocrx_word' id='word_1_292' title='bbox 1736 3583 1992 3637; x_wconf 79' lang='lat' dir='ltr'><strong>receptus,</strong></span> <span class='ocrx_word' id='word_1_293' title='bbox 2014 3572 2270 3635; x_wconf 76' lang='lat' dir='ltr'><strong>defendit,</strong></span> <span class='ocrx_word' id='word_1_294' title='bbox 2291 3572 2425 3637; x_wconf 82' lang='lat' dir='ltr'><strong>quod</strong></span> <span class='ocrx_word' id='word_1_295' title='bbox 2454 3580 2530 3623; x_wconf 82' lang='lat' dir='ltr'><strong>ta·</strong></span> 
     </span>
     <span class='ocr_line' id='line_1_35' title="bbox 336 3636 2530 3703; baseline 0 -16"><span class='ocrx_word' id='word_1_296' title='bbox 336 3652 454 3687; x_wconf 86' lang='lat' dir='ltr'><strong>men</strong></span> <span class='ocrx_word' id='word_1_297' title='bbox 477 3636 786 3701; x_wconf 78' lang='lat' dir='ltr'><strong>simpliciter</strong></span> <span class='ocrx_word' id='word_1_298' title='bbox 810 3640 882 3689; x_wconf 79' lang='lat' dir='ltr'><strong>ita</strong></span> <span class='ocrx_word' id='word_1_299' title='bbox 908 3638 1009 3687; x_wconf 90' lang='lat' dir='ltr'><strong>dici</strong></span> <span class='ocrx_word' id='word_1_300' title='bbox 1036 3652 1189 3701; x_wconf 78' lang='lat' dir='ltr'><strong>posse</strong></span> <span class='ocrx_word' id='word_1_301' title='bbox 1213 3647 1356 3688; x_wconf 85' lang='lat' dir='ltr'><strong>recte</strong></span> <span class='ocrx_word' id='word_1_302' title='bbox 1388 3638 1559 3688; x_wconf 78' lang='lat' dir='ltr'><strong>Drak.</strong></span> <span class='ocrx_word' id='word_1_303' title='bbox 1597 3637 1819 3687; x_wconf 78' lang='lat' dir='ltr'><strong>dubitat.</strong></span> <span class='ocrx_word' id='word_1_304' title='bbox 1885 3637 2135 3703; x_wconf 80' lang='lat' dir='ltr'><strong>Equidem</strong></span> <span class='ocrx_word' id='word_1_305' title='bbox 2173 3638 2444 3700; x_wconf 75' lang='lat' dir='ltr'><strong>acquiesco</strong></span> <span class='ocrx_word' id='word_1_306' title='bbox 2479 3638 2530 3687; x_wconf 88' lang='lat' dir='ltr'><strong>in</strong></span> 
     </span>
     <span class='ocr_line' id='line_1_36' title="bbox 336 3700 2532 3766; baseline -0 -15"><span class='ocrx_word' id='word_1_307' title='bbox 336 3702 555 3765; x_wconf 79' lang='lat' dir='ltr'><strong>ratione,</strong></span> <span class='ocrx_word' id='word_1_308' title='bbox 580 3716 733 3766; x_wconf 85' lang='lat' dir='ltr'><strong>qnam</strong></span> <span class='ocrx_word' id='word_1_309' title='bbox 757 3704 806 3751; x_wconf 86' lang='lat' dir='ltr'><strong>in</strong></span> <span class='ocrx_word' id='word_1_310' title='bbox 834 3704 927 3752; x_wconf 82' lang='lat' dir='ltr'><strong>hoc</strong></span> <span class='ocrx_word' id='word_1_311' title='bbox 949 3703 1065 3751; x_wconf 83' lang='lat' dir='ltr'><strong>ioco</strong></span> <span class='ocrx_word' id='word_1_312' title='bbox 1088 3700 1411 3752; x_wconf 82' lang='lat' dir='ltr'><strong>emendando</strong></span> <span class='ocrx_word' id='word_1_313' title='bbox 1434 3703 1549 3751; x_wconf 86' lang='lat' dir='ltr'><strong>iniit</strong></span> <span class='ocrx_word' id='word_1_314' title='bbox 1572 3701 1738 3752; x_wconf 83' lang='lat' dir='ltr'><strong>Drak.</strong></span> <span class='ocrx_word' id='word_1_315' title='bbox 1774 3716 1877 3750; x_wconf 71' lang='lat' dir='ltr'><strong>cum</strong></span> <span class='ocrx_word' id='word_1_316' title='bbox 1899 3708 1945 3751; x_wconf 91' lang='lat' dir='ltr'><strong>et</strong></span> <span class='ocrx_word' id='word_1_317' title='bbox 1971 3704 2171 3765; x_wconf 76' lang='lat' dir='ltr'><strong>pecunia</strong></span> <span class='ocrx_word' id='word_1_318' title='bbox 2194 3707 2346 3750; x_wconf 77' lang='lat' dir='ltr'><strong>tutam</strong></span> <span class='ocrx_word' id='word_1_319' title='bbox 2371 3716 2532 3764; x_wconf 77' lang='lat' dir='ltr'><strong>pacem</strong></span> 
     </span>
     <span class='ocr_line' id='line_1_37' title="bbox 334 3764 2528 3831; baseline -0 -15"><span class='ocrx_word' id='word_1_320' title='bbox 334 3767 506 3817; x_wconf 69' lang='lat' dir='ltr'><strong>habere</strong></span> <span class='ocrx_word' id='word_1_321' title='bbox 536 3780 627 3830; x_wconf 76' lang='lat' dir='ltr'><strong>per</strong></span> <span class='ocrx_word' id='word_1_322' title='bbox 646 3768 906 3817; x_wconf 71' lang='lat' dir='ltr'><strong>Eumenem</strong></span> <span class='ocrx_word' id='word_1_323' title='bbox 922 3802 936 3817; x_wconf 98' lang='lat'><strong>.</strong></span> <span class='ocrx_word' id='word_1_324' title='bbox 958 3802 973 3817; x_wconf 95' lang='lat'><strong>.</strong></span> <span class='ocrx_word' id='word_1_325' title='bbox 992 3800 1007 3816; x_wconf 96' lang='lat'><strong>.</strong></span> <span class='ocrx_word' id='word_1_326' title='bbox 1024 3772 1073 3815; x_wconf 85' lang='lat' dir='ltr'><strong>et</strong></span> <span class='ocrx_word' id='word_1_327' title='bbox 1094 3782 1151 3816; x_wconf 78' lang='lat' dir='ltr'><strong>ea</strong></span> <span class='ocrx_word' id='word_1_328' title='bbox 1178 3772 1369 3831; x_wconf 75' lang='lat' dir='ltr'><strong>recepta</strong></span> <span class='ocrx_word' id='word_1_329' title='bbox 1400 3768 1676 3831; x_wconf 68' lang='lat' dir='ltr'><strong>protrahere</strong></span> <span class='ocrx_word' id='word_1_330' title='bbox 1695 3766 1938 3815; x_wconf 70' lang='lat' dir='ltr'><strong>inituicsm</strong></span> <span class='ocrx_word' id='word_1_331' title='bbox 1956 3799 1970 3816; x_wconf 95' lang='lat'><strong>.</strong></span> <span class='ocrx_word' id='word_1_332' title='bbox 1989 3800 2004 3816; x_wconf 96' lang='lat'><strong>.</strong></span> <span class='ocrx_word' id='word_1_333' title='bbox 2023 3800 2037 3814; x_wconf 95' lang='lat'><strong>.</strong></span> <span class='ocrx_word' id='word_1_334' title='bbox 2049 3764 2242 3831; x_wconf 63' lang='lat' dir='ltr'><strong>posset!</strong></span> <span class='ocrx_word' id='word_1_335' title='bbox 2275 3767 2528 3831; x_wconf 73' lang='lat' dir='ltr'><strong>Doering.</strong></span> 
     </span>
    </p>
   </div>
   <div class='ocr_carea' id='block_1_9' title="bbox 332 3974 2530 4346">
    <p class='ocr_par' dir='ltr' id='par_1_11' title="bbox 332 3974 2530 4346">
     <span class='ocr_line' id='line_1_38' title="bbox 420 3974 2530 4040; baseline -0.002 -14"><span class='ocrx_word' id='word_1_336' title='bbox 420 3984 445 4009; x_wconf 80' lang='lat'>⁸</span> <span class='ocrx_word' id='word_1_337' title='bbox 498 3976 837 4027; x_wconf 72' lang='lat' dir='ltr'><strong>Poeiseebntsr</strong></span> <span class='ocrx_word' id='word_1_338' title='bbox 890 3976 1173 4040; x_wconf 63' lang='lat' dir='ltr'><strong>mercede-q</strong></span> <span class='ocrx_word' id='word_1_339' title='bbox 1228 3978 1395 4027; x_wconf 84' lang='lat' dir='ltr'><strong>Pntst</strong></span> <span class='ocrx_word' id='word_1_340' title='bbox 1470 3976 1710 4039; x_wconf 69' lang='lat' dir='ltr'><strong>quingena</strong></span> <span class='ocrx_word' id='word_1_341' title='bbox 1741 3975 1951 4023; x_wconf 70' lang='lat' dir='ltr'><strong>talenta.-</strong></span> <span class='ocrx_word' id='word_1_342' title='bbox 1981 3974 2035 4022; x_wconf 73' lang='lat' dir='ltr'><strong>in</strong></span> <span class='ocrx_word' id='word_1_343' title='bbox 2065 3979 2314 4035; x_wconf 68' lang='lat' dir='ltr'><strong>utrunque</strong></span> <span class='ocrx_word' id='word_1_344' title='bbox 2342 3987 2436 4022; x_wconf 79' lang='lat' dir='ltr'><strong>m</strong></span> <span class='ocrx_word' id='word_1_345' title='bbox 2458 3974 2530 4038; x_wconf 69' lang='lat' dir='ltr'><strong>fi·</strong></span> 
     </span>
     <span class='ocr_line' id='line_1_39' title="bbox 335 4046 2530 4117; baseline -0.005 -10"><span class='ocrx_word' id='word_1_346' title='bbox 335 4052 564 4107; x_wconf 77' lang='lat' dir='ltr'><strong>Gronov.</strong></span> <span class='ocrx_word' id='word_1_347' title='bbox 599 4051 781 4101; x_wconf 83' lang='lat' dir='ltr'><strong>deesse</strong></span> <span class='ocrx_word' id='word_1_348' title='bbox 813 4052 899 4101; x_wconf 80' lang='lat' dir='ltr'><strong>bic</strong></span> <span class='ocrx_word' id='word_1_349' title='bbox 934 4052 1151 4117; x_wconf 73' lang='lat' dir='ltr'><strong>aliquid,</strong></span> <span class='ocrx_word' id='word_1_350' title='bbox 1168 4052 1303 4116; x_wconf 75' lang='lat' dir='ltr'><strong>quod</strong></span> <span class='ocrx_word' id='word_1_351' title='bbox 1324 4066 1393 4101; x_wconf 80' lang='lat' dir='ltr'><strong>ex</strong></span> <span class='ocrx_word' id='word_1_352' title='bbox 1472 4050 1760 4101; x_wconf 68' lang='lat' dir='ltr'><strong>deunoaoe</strong></span> <span class='ocrx_word' id='word_1_353' title='bbox 1795 4055 2068 4113; x_wconf 81' lang='lat' dir='ltr'><strong>utrumqne</strong></span> <span class='ocrx_word' id='word_1_354' title='bbox 2101 4057 2271 4097; x_wconf 82' lang='lat' dir='ltr'><strong>sutem</strong></span> <span class='ocrx_word' id='word_1_355' title='bbox 2295 4048 2403 4098; x_wconf 70' lang='lat' dir='ltr'><strong>boec</strong></span> <span class='ocrx_word' id='word_1_356' title='bbox 2426 4046 2530 4097; x_wconf 80' lang='lat' dir='ltr'><strong>dno</strong></span> 
     </span>
     <span class='ocr_line' id='line_1_40' title="bbox 336 4120 2528 4193; baseline -0.004 -14"><span class='ocrx_word' id='word_1_357' title='bbox 336 4128 581 4193; x_wconf 73' lang='lat' dir='ltr'><strong>Appiano</strong></span> <span class='ocrx_word' id='word_1_358' title='bbox 618 4130 669 4179; x_wconf 87' lang='lat' dir='ltr'><strong>in</strong></span> <span class='ocrx_word' id='word_1_359' title='bbox 704 4129 961 4192; x_wconf 67' lang='lat' dir='ltr'><strong>Enseu-pt.</strong></span> <span class='ocrx_word' id='word_1_360' title='bbox 1002 4128 1193 4191; x_wconf 79' lang='lat' dir='ltr'><strong>repleri</strong></span> <span class='ocrx_word' id='word_1_361' title='bbox 1232 4128 1397 4190; x_wconf 80' lang='lat' dir='ltr'><strong>possit</strong></span> <span class='ocrx_word' id='word_1_362' title='bbox 1474 4122 1754 4188; x_wconf 72' lang='lat' dir='ltr'><strong>significat,</strong></span> <span class='ocrx_word' id='word_1_363' title='bbox 1793 4124 1912 4173; x_wconf 80' lang='lat' dir='ltr'><strong>binc</strong></span> <span class='ocrx_word' id='word_1_364' title='bbox 1953 4121 2164 4171; x_wconf 81' lang='lat' dir='ltr'><strong>foederis</strong></span> <span class='ocrx_word' id='word_1_365' title='bbox 2206 4120 2528 4172; x_wconf 70' lang='lat' dir='ltr'><strong>conciliatio·</strong></span> 
     </span>
     <span class='ocr_line' id='line_1_41' title="bbox 334 4198 2226 4265; baseline -0.007 -8"><span class='ocrx_word' id='word_1_366' title='bbox 334 4209 388 4257; x_wconf 89' lang='lat' dir='ltr'><strong>iu</strong></span> <span class='ocrx_word' id='word_1_367' title='bbox 424 4207 563 4255; x_wconf 81' lang='lat' dir='ltr'><strong>hunc</strong></span> <span class='ocrx_word' id='word_1_368' title='bbox 594 4220 799 4255; x_wconf 73' lang='lat' dir='ltr'><strong>sensn-</strong></span> <span class='ocrx_word' id='word_1_369' title='bbox 824 4222 840 4255; x_wconf 72' lang='grc' dir='ltr'><em>ε</em></span> <span class='ocrx_word' id='word_1_370' title='bbox 892 4219 951 4254; x_wconf 71' lang='lat' dir='ltr'><strong>ne</strong></span> <span class='ocrx_word' id='word_1_371' title='bbox 982 4204 1101 4253; x_wconf 75' lang='lat' dir='ltr'><strong>betto</strong></span> <span class='ocrx_word' id='word_1_372' title='bbox 1130 4205 1397 4265; x_wconf 68' lang='lat' dir='ltr'><strong>interesset,</strong></span> <span class='ocrx_word' id='word_1_373' title='bbox 1474 4214 1612 4263; x_wconf 87' lang='lat' dir='ltr'><strong>nem,</strong></span> <span class='ocrx_word' id='word_1_374' title='bbox 1633 4198 1757 4249; x_wconf 87' lang='lat' dir='ltr'><strong>inde</strong></span> <span class='ocrx_word' id='word_1_375' title='bbox 1779 4200 2002 4262; x_wconf 79' lang='lat' dir='ltr'><strong>quietem</strong></span> <span class='ocrx_word' id='word_1_376' title='bbox 2023 4214 2054 4248; x_wconf 84' lang='lat' dir='ltr'><strong>s</strong></span> <span class='ocrx_word' id='word_1_377' title='bbox 2075 4198 2226 4247; x_wconf 75' lang='lat' dir='ltr'><strong>belto-</strong></span> 
     </span>
     <span class='ocr_line' id='line_1_42' title="bbox 332 4276 2530 4346; baseline -0.004 -13"><span class='ocrx_word' id='word_1_378' title='bbox 332 4284 498 4342; x_wconf 72' lang='lat' dir='ltr'><strong>m&#39;11e3</strong></span> <span class='ocrx_word' id='word_1_379' title='bbox 526 4282 661 4346; x_wconf 69' lang='lat' dir='ltr'><strong>psci:</strong></span> <span class='ocrx_word' id='word_1_380' title='bbox 694 4281 1001 4345; x_wconf 70' lang='lat' dir='ltr'><strong>conciliandas</strong></span> <span class='ocrx_word' id='word_1_381' title='bbox 1030 4292 1171 4329; x_wconf 75' lang='lat' dir='ltr'><strong>mss</strong></span> <span class='ocrx_word' id='word_1_382' title='bbox 1198 4278 1396 4329; x_wconf 59' lang='grc' dir='ltr'><strong>παίωσι</strong></span> <span class='ocrx_word' id='word_1_383' title='bbox 1538 4286 1565 4311; x_wconf 76' lang='lat'>¹</span> <span class='ocrx_word' id='word_1_384' title='bbox 1601 4278 1723 4326; x_wconf 78' lang='lat' dir='ltr'><strong>Cum</strong></span> <span class='ocrx_word' id='word_1_385' title='bbox 1739 4278 1986 4340; x_wconf 69' lang='lat' dir='ltr'><strong>pecuniosi</strong></span> <span class='ocrx_word' id='word_1_386' title='bbox 2005 4280 2158 4327; x_wconf 65' lang='lat' dir='ltr'><strong>tutan</strong></span> <span class='ocrx_word' id='word_1_387' title='bbox 2191 4279 2240 4324; x_wconf 79' lang='lat' dir='ltr'><strong>et</strong></span> <span class='ocrx_word' id='word_1_388' title='bbox 2263 4288 2426 4338; x_wconf 71' lang='lat' dir='ltr'><strong>pacem</strong></span> <span class='ocrx_word' id='word_1_389' title='bbox 2445 4276 2530 4325; x_wconf 73' lang='lat' dir='ltr'><strong>Iu·</strong></span> 
     </span>
    </p>
   </div>
  </div>
 </body>
</html>
