3177 4950
583 403 758 470 3⁴00
1525 415 1599 468 r.
1646 415 1837 468 mvn

587 564 648 628 si
689 581 943 627 veneno
993 573 1058 626 te
1099 561 1263 627 inter
1300 579 1562 628 coenam
1608 561 1839 628 tollere
1867 561 2076 640 volui,
2102 560 2263 646 quid
2292 561 2511 626 minus
2538 567 2769 646 aptum

579 664 730 742 fuit,
761 682 963 747 quam
1003 666 1328 747 pertinaci
1373 665 1735 728 certamine
1778 672 1849 728 et
1884 683 2219 728 concursu
2261 663 2500 728 iratum
2534 671 2603 726 te
2630 663 2767 731 effi-

584 784 754 842 cere,
779 771 858 828 ut
881 763 1146 839 merito,
1167 765 1342 831 sicut
1369 764 1615 842 fecisti,
1643 763 1967 829 invitatus
1998 763 2085 829 ad
2114 781 2377 828 coenam
2400 765 2719 829 abnueres
2734 759 2767 825 ‘l

581 864 751 929 Cum
798 873 1019 928 autem
1059 865 1268 930 iratus
1307 885 1650 948 negasses,
1678 874 1922 942 utrum,
1952 874 2027 928 ut
2054 863 2388 947 placarem
2421 870 2511 941 te,
2542 863 2767 930 danda

580 985 781 1049 opera
821 966 968 1044 fuit,
999 972 1067 1031 ut
1097 965 1296 1032 aliam
1328 983 1687 1050 quaererem
1722 964 2175 1040 occasionem,
2204 963 2517 1046 quoniam
2552 965 2763 1028 semel

577 1087 900 1132 venenum
943 1069 1385 1150 paraveram‘l
1429 1087 1514 1135 an
1561 1069 1649 1132 ab
1694 1067 1815 1132 iilo
1856 1066 2137 1130 consilio
2168 1065 2352 1128 velut
2382 1064 2761 1130 transilien-

577 1169 736 1233 dum
784 1166 871 1232 ad
915 1167 1096 1233 aliud
1145 1168 1293 1246 fuit,
1323 1172 1399 1234 ιἰι
1441 1169 1612 1234 ferro
1646 1177 1735 1245 te,
1764 1175 1833 1232 et
1870 1166 2141 1250 quidem
2172 1185 2257 1230 eo
2289 1164 2421 1238 die,
2449 1181 2571 1246 per
2602 1185 2759 1246 spe-

575 1270 747 1334 ciem
793 1268 1309 1347 comissationis,
1337 1269 1706 1334 occiderem
1728 1269 1758 1331 ‘l
1848 1265 2005 1345 Quo
2044 1266 2285 1332 deinde
2326 1265 2549 1342 modo,
2586 1266 2647 1328 si
2690 1271 2757 1330 te

574 1375 753 1434 metu
793 1370 1026 1434 mortis
1071 1369 1415 1434 credebam
1457 1389 1721 1434 coeuam
1760 1369 2045 1433 evitasse
2082 1385 2321 1446 meam,
2352 1384 2481 1432 non
2519 1366 2607 1429 ab
2638 1385 2753 1428 eo-

577 1469 729 1534 dem
760 1476 942 1534 metu
973 1469 1498 1534 comissationem
1523 1487 1795 1552 quoque
1816 1469 2213 1534 evitaturum
2238 1467 2704 1532 existimabam
2722 1467 2753 1530 ‘l

660 1571 772 1633 14.
815 1567 1012 1634 ‘Non
1041 1573 1144 1632 est
1160 1589 1293 1645 res,
1317 1589 1451 1652 qna
1473 1572 1893 1647 erubescam,
1914 1575 2127 1652 pater,
2156 1569 2217 1634 si
2242 1567 2353 1635 die
2385 1567 2561 1633 festo
2592 1567 2756 1632 inter

575 1669 876 1754 aequales
921 1669 1204 1752 largiore
1231 1669 1389 1736 vino
1435 1689 1582 1735 sum
1632 1689 1821 1734 usus,
1904 1669 2013 1734 Tu
2052 1687 2345 1753 quoque,
2373 1668 2601 1746 velim,
2654 1669 2755 1732 in-

571 1771 821 1854 quiras,
839 1789 978 1854 qua
994 1769 1252 1847 laetitia,
1276 1789 1410 1854 quo
1429 1771 1584 1834 lusu
1610 1770 1794 1852 apud
1823 1788 1929 1834 me
1954 1767 2352 1834 celebratum
2374 1768 2751 1834 hesternum

569 1873 951 1937 convivium
999 1871 1113 1950 sit,
1164 1872 1282 1936 illo
1325 1871 1526 1938 etiam
1568 1869 1813 1956 (pravo
1858 1867 2170 1954 forsitan)
2216 1869 2464 1952 gaudio
2512 1888 2751 1952 prove-

567 1973 785 2051 hente,
817 1970 1001 2055 quod
1025 1972 1094 2034 in
1109 1969 1390 2054 juvenili
1419 1989 1746 2034 armorum
1778 1968 2130 2036 certamine
2157 1990 2317 2053 pars
2346 1979 2579 2034 nostra
2618 1989 2747 2034 non

567 2073 836 2138 inferior
891 2069 1120 2137 fuerat.
1235 2071 1512 2136 Miseria
1549 2071 1695 2136 baec
1724 2078 1793 2136 et
1818 2080 2043 2136 metus
2074 2079 2103 2112 ²
2168 2071 2521 2154 crapulam
2548 2071 2750 2137 facile

566 2179 1048 2251 excusserunt3
1091 2189 1243 2255 quae
1288 2172 1350 2235 si
1395 2191 1523 2236 non
1575 2172 2107 2250 intervenissent,
2153 2172 2571 2236 insidiatores
2618 2190 2747 2240 nos

565 2273 774 2356 sopiti
807 2274 1205 2356 jaceremus.
1293 2270 1370 2336 Si
1407 2265 1679 2335 domum
1722 2280 1910 2336 tuam
1966 2279 2491 2356 expugnaturus,
2542 2279 2747 2356 capta

563 2371 785 2450 domo,
818 2373 1156 2438 dominum
1194 2370 1663 2436 interfecturus
1690 2391 1887 2450 eram,
1916 2391 2050 2437 non
2078 2379 2551 2456 temperassem
2584 2374 2743 2438 vino

561 2473 632 2537 in
662 2494 858 2541 unum
891 2475 1111 2540 diem?
1153 2492 1286 2538 non
1307 2471 1558 2539 milites
1584 2474 2050 2539 abstinuissem
2081 2473 2312 2539 meos‘i
2338 2480 2432 2523 ¹⁰⁷
2516 2472 2629 2553 Et,
2658 2494 2743 2539 ne

563 2594 691 2657 ego
719 2596 826 2641 me
855 2577 1038 2641 solus
1065 2576 1272 2640 nimia
1277 2574 1721 2658 simplicitate
1752 2581 1962 2653 tuear,
1988 2575 2137 2657 ipse
2166 2592 2439 2659 quoque
2468 2552 2755 2639 minime

559 2672 779 2740 malus
819 2695 900 2740 ac
949 2675 1273 2757 suspicax
1301 2674 1520 2752 frater,
1566 2673 1794 2740 ‘Nihil
1824 2675 2008 2739 aliud
2038 2677 2229 2758 scio,'
2270 2676 2501 2759 inquit,
2532 2679 2553 2713 ‘
2572 2675 2741 2741 nihil

561 2794 791 2857 arguo,
841 2778 976 2841 nisi
1021 2776 1201 2860 quod
1265 2793 1418 2841 cum
1477 2774 1653 2841 ferro
1712 2776 2149 2841 comissatum
2192 2774 2556 2843 venerunt?
2662 2777 2741 2843 Si

557 2895 875 2961 quaeram,
903 2878 1082 2943 unde
1121 2876 1192 2942 id
1234 2876 1454 2960 ipsum
1495 2876 1762 2957 scieris;
1806 2896 2081 2941 necesse
2110 2877 2238 2941 erit
2272 2884 2343 2941 te
2386 2876 2599 2954 fateri,
2628 2885 2741 2943 aut

553 2980 1044 3059 speculatorum
1074 2982 1328 3043 tuorum
1357 2976 1623 3061 plenam
1645 2976 1915 3044 domum
1942 2976 2149 3041 fuisse
2176 2996 2407 3056 meam,
2442 2984 2557 3042 aut
2584 2976 2737 3042 ilios

550 3078 652 3142 ita
677 3086 908 3161 aperte
939 3078 1262 3145 sumsisse
1290 3075 1560 3154 ferrum,
1584 3084 1667 3142 ut
1694 3095 1923 3141 omnes
1950 3078 2271 3142 viderent.
2330 3078 2441 3153 Et,
2462 3098 2549 3143 ne
2571 3078 2734 3163 quid

549 3175 704 3259 ipse
749 3184 868 3243 aut
912 3182 1095 3263 prius
1139 3177 1528 3261 inquisisse,
1555 3180 1671 3241 aut
1700 3196 1875 3241 nunc
1908 3178 2257 3243 criminose
2288 3171 2734 3261 argumentari

549 3276 904 3355 videretur,
955 3284 1018 3342 te
1071 3296 1364 3361 quaerere
1419 3296 1504 3341 ex
1549 3278 1661 3354 iis,
1720 3296 1890 3360 quos
1940 3278 2378 3358 nominasset,
2425 3278 2732 3362 jubebat,

551 3394 638 3441 an
689 3376 932 3442 serrum
975 3376 1414 3443 habuisseuw
1460 3383 1556 3456 ut,
1608 3382 1920 3462 tanquam
1972 3382 2039 3443 in
2083 3398 2152 3443 re
2192 3380 2419 3457 dubia,
2464 3400 2621 3443 cum
2660 3381 2727 3449 id
2774 3426 2779 3431 ·

549 3480 933 3561 quaesisses,
987 3479 1167 3563 quod
1220 3479 1352 3562 ipsi
1403 3478 1711 3558 fatentur,
1762 3498 1883 3562 pro
1936 3481 2260 3546 convictis
2305 3482 2725 3546 haberentur.

550 3574 730 3655 Quin
761 3586 830 3644 tu
861 3579 1026 3645 illud
1056 3581 1266 3665 quaeri
1285 3580 1540 3662 Jubes,⁹
1568 3599 1725 3645 num
1757 3580 1853 3644 tui
1882 3580 2227 3647 occidendi
2256 3600 2461 3647 causa
2487 3582 2729 3646 ferrum

1525 3737 1741 3787 NOTAE

611 3830 866 3880 ¹·Miaeria
888 3832 1050 3881 hoecet
1069 3831 1241 3895 ηιειιιε]
1273 3831 1530 3881 Beatum
1516 3846 1594 3882 ιιι-
1676 3832 1905 3897 conjicit
1950 3834 2115 3884 Gron.
2154 3835 2346 3886 emim
2390 3849 2486 3898 pro
2518 3836 2729 3894 milites,-

544 3904 687 3955 dieat
723 3911 778 3953 et
815 3906 1098 3969 periculum
1134 3906 1294 3970 capiti
1298 3921 1358 3955 s.
1403 3906 1595 3957 miseria
1676 3920 1789 3957 uam
1812 3916 1867 3957 et
1900 3908 2106 3959 sodales
2129 3918 2285 3961 autea
2310 3912 2611 3963 Demetrius
2634 3927 2727 3977 ap-

542 3987 709 4043 certe,
725 3995 814 4029 reu
835 3982 1122 4040 calamitas,
1139 3995 1340 4031 reorum
1359 3982 1587 4045 propria.
1676 3982 1983 4045 pell-verat.

543 4054 684 4105 Hinc
703 4056 888 4105 Cicero
914 4070 1006 4119 pro
1043 4056 1181 4105 Sulla
1255 4056 1390 4119 ‘jam
1428 4056 1590 4122 impe·
1736 4065 1761 4099 Ρ
1796 4058 1926 4113 Quin
1959 4065 2012 4109 ιιι
2041 4060 2165 4111 mad
2198 4064 2352 4125 qum-⁸·
2375 4062 2541 4129 jubes]
2591 4064 2727 4115 Cou-

544 4130 657 4181 dior
673 4140 874 4193 egomet
893 4131 1069 4181 dolore
1082 4131 1255 4195 animi,
1273 4147 1368 4181 nec
1390 4133 1456 4183 de
1479 4134 1591 4199 ejus
1652 4175 1655 4178 .
1674 4132 1831 4180 vertit
1858 4134 2154 4185 Demetrius
2188 4136 2470 4187 orationem
2506 4154 2537 4188 a
2572 4149 2725 4205 petre

542 4207 748 4257 miseria
770 4209 918 4270 plura
939 4207 1097 4257 dico.'
1672 4209 1736 4258 ad
1760 4208 1993 4261 fratrem.

607 4288 633 4314 ⁰
687 4281 799 4329 Non
843 4281 1018 4331 militer
1065 4282 1394 4334 abstinuissem
1445 4286 1593 4347 meos]
