3177 4950
1114 453 1265 508 mn.
1309 457 1523 506 κων.
1570 457 1734 506 on.
1777 443 1842 506 5.
2403 441 2576 510 3667

375 603 579 670 etiam
626 601 975 687 periculo;
1019 601 1141 666 sed
1180 601 1440 667 cedenti
1482 621 1573 666 ex
1615 599 2068 686 superioribus
2113 599 2288 666 locis
2325 601 2576 669 instare

374 705 590 770 hostis
639 709 893 786 poterat
912 721 931 782 ;
951 707 999 750 ¹⁵
1042 719 1165 766 nec
1206 701 1395 766 aliud
1438 703 1758 779 restabat,
1796 719 1998 784 quam
2039 701 2352 768 audacter
2392 723 2574 768 com-

375 805 703 870 missum‘·
732 801 1055 886 pertinaci
1087 801 1398 878 audacia,
1428 791 1581 885 quae
1612 802 1902 885 prudens
1929 803 2258 868 interdum
2285 804 2352 868 in
2383 805 2574 868 exitu

374 911 501 982 est,
526 903 869 986 corrigere.
960 901 1255 968 Ventum
1288 903 1565 987 quidem
1593 909 1736 967 erat
1763 923 1870 981 eo,
1897 913 1998 982 ut,
2023 905 2080 968 si
2107 905 2360 972 hostem
2390 906 2571 969 simi-

372 1007 503 1070 lem
544 1005 839 1088 antiquis
878 1002 1335 1069 Macedonum
1375 1005 1646 1086 regibus
1679 1003 2026 1070 habuisset
2053 1007 2304 1084 consul,
2333 1026 2574 1088 magua

375 1108 599 1173 clades
646 1106 867 1188 accipi
910 1105 1221 1188 potuerit.
1308 1104 1447 1170 Sed
1476 1124 1628 1170 cum
1658 1103 1743 1168 ad
1777 1103 1982 1168 Dium
2011 1123 2130 1188 per
2153 1106 2380 1172 littora
2420 1125 2572 1174 cum

373 1209 714 1291 equitibus
743 1215 1099 1290 vagaretur
1121 1224 1261 1282 rex,
1284 1211 1355 1269 et
1376 1205 1463 1270 ab
1486 1204 1846 1270 duodecim
1876 1204 2170 1270 millibus
2197 1224 2408 1289 prope
2433 1207 2574 1271 cla-

374 1301 623 1374 morem
662 1317 733 1374 et
780 1309 1126 1392 strepitum
1172 1308 1606 1390 pugnantium
1637 1307 1928 1384 audiret,
1955 1325 2081 1371 nec
2114 1307 2574 1389 auxit'copias

376 1408 667 1491 integros
716 1409 919 1472 fessis
964 1406 1461 1486 summittendo,
1505 1427 1730 1491 neque
1775 1408 1945 1490 ipse,
1990 1407 2170 1490 quod
2216 1407 2569 1490 plurimum

374 1511 708 1588 intererat,
736 1510 1079 1576 certamini
1114 1508 1343 1572 affuit:
1390 1527 1542 1574 cum
1575 1507 1924 1572 Romanus
1953 1509 2330 1592 imperator,
2361 1507 2571 1590 major

376 1611 729 1695 sexaginta
756 1613 950 1676 annis
978 1615 1047 1674 et
1089 1609 1451 1693 praegravis
1486 1629 1793 1692 corpore,
1835 1610 2058 1674 omnia
2085 1609 2404 1674 militaria
2431 1629 2570 1672 mu-

374 1731 533 1778 nera
560 1713 709 1795 ipse
732 1712 1013 1796 impigre
1043 1712 1287 1777 obiret.
1378 1709 1660 1792 Egregie
1693 1711 1782 1774 ad
1815 1711 2116 1775 ultimum
2147 1711 2218 1774 in
2249 1711 2572 1774 audacter

374 1814 739 1878 commisso
766 1813 1247 1895 perseveravit3
1290 1817 1379 1890 et,
1418 1810 1980 1894 Popillio-relicto
2021 1814 2092 1876 in
2129 1812 2432 1876 custodia
2456 1813 2570 1894 ju·

374 1913 527 1997 gi,¹-⁶
568 1933 687 1997 per
708 1915 894 1979 invia
916 1920 1389 1996 transgressus,
1418 1911 1808 1994 praemissis,
1831 1911 1946 1996 qui
1973 1913 2568 1994 repurgareutiter,

378 2017 682 2081 Attalum
726 2021 793 2080 et
826 2016 1271 2097 Misagenem,
1300 2033 1457 2080 cum
1501 2031 1648 2078 suae
1690 2015 1908 2096 gentis
1939 2003 2288 2096 utrumque
2321 2012 2565 2077 auxili-

374 2119 657 2196 aribus,¹¹
720 2116 1043 2201 praesidio
1101 2135 1257 2181 esse
1301 2116 1543 2180 saltum
1591 2116 2042 2198 aperientibus
2059 2114 2280 2197 jubet.
2373 2113 2564 2198 Ipse,

370 2222 635 2305 equites
688 2219 1297 2304 impedimentaque
1350 2235 1493 2301 prae
1548 2236 1625 2281 se
1671 2217 1950 2294 habens,
1996 2233 2150 2279 cum
2193 2216 2566 2300 legionibus

375 2341 608 2403 agmen
640 2323 847 2404 cogit.

387 2449 395 2456 ·
456 2427 523 2490 5.
570 2423 1049 2489 Iueuarrabilis
1078 2423 1275 2488 labor
1304 2421 1860 2489 descendentibus
1892 2439 2043 2485 cum
2073 2420 2269 2485 ruina
2299 2419 2566 2505 jumeri-

372 2532 591 2590 torum
622 2528 1183 2608 sarcinarumque.
1272 2524 1659 2605 Progressis
1703 2523 1979 2586 vixdum
2019 2528 2312 2606 quatuor
2355 2522 2567 2589 millia

372 2646 701 2709 passuum
731 2627 892 2691 nihil
924 2626 1293 2709 optabilius
1324 2646 1499 2702 esse,
1530 2645 1735 2708 quam
1775 2624 2016 2701 redire,
2059 2643 2194 2706 qua
2232 2630 2562 2697 venerant,

372 2732 433 2795 si
476 2736 780 2813 possent.
872 2728 1223 2793 Hostilem
1272 2746 1485 2811 prope
1537 2727 1886 2791 tumultum
1939 2725 2186 2809 agmini
2232 2724 2568 2808 elephanti

368 2832 799 2915 praebebant3
844 2832 984 2913 qui,
1016 2830 1129 2894 ubi
1162 2828 1247 2893 ad
1282 2830 1461 2893 invia
1494 2834 1827 2904 venerant,
1857 2826 2146 2910 dejectis
2177 2827 2565 2903 rectoribus,

368 2954 519 2999 cum
570 2933 897 2997 horrendo
938 2931 1221 3017 stridore
1264 2949 1579 3013 pavorem
1623 2932 1973 3010 ingentem,
2011 2926 2206 3011 equis
2243 2926 2566 3002 maxime,

368 3036 813 3111 incutiebant,
844 3035 1057 3099 donec
1088 3032 1473 3097 traducendi
1504 3050 1629 3095 eos
1647 3030 1816 3094 ratio
1843 3028 2005 3092 inita
2035 3032 2162 3091 est.
2249 3024 2380 3088 Per
2409 3046 2560 3108 pro·

344 3138 561 3213 clive,
610 3143 830 3201 sumto
869 3134 1165 3215 fastigio,
1206 3132 1385 3214 longi
1428 3130 1559 3195 duo
1602 3128 1812 3194 validi
1844 3147 2111 3193 asseres
2139 3144 2228 3190 ex
2257 3126 2564 3191 inferiore

368 3238 655 3322 partein
688 3244 863 3303 terra
894 3234 1403 3318 defigebantur,³
1443 3233 1776 3297 distantes
1817 3230 1979 3294 iuter
2022 3248 2094 3292 se
2123 3226 2344 3312 -paulo
2385 3226 2561 3311 pluS,

429 3400 457 3434 ‘¹
492 3404 570 3452 Ita
592 3407 645 3452 at
668 3417 725 3457 ea
757 3417 819 3451 ex
851 3406 989 3463 purte
1010 3416 1116 3463 quoe
1138 3398 1293 3461 magi·
1312 3398 1489 3448 deuexa
1520 3401 1648 3458 erut,
1665 3396 1877 3455 fultum*
1895 3382 2082 3457 aliquid
2101 3392 2436 3454 inponeretur,
2469 3384 2562 3452 ᾷιιο

364 3468 624 3530 superioris
661 3468 819 3531 partis
837 3466 1042 3516 altitudo
1061 3465 1389 3529 propa-odunt
1410 3467 1758 3527 exequeretur.

1280 3586 1644 3612 OOOOOOOOOOOO

364 3654 613 3727 arnam«
646 3690 746 3727 rm
784 3689 971 3739 gerere,
1011 3688 1099 3738 per
1134 3674 1317 3737 iniqua,
1350 3678 1557 3737 &ee-15
1595 3668 1892 3733 Legendum
1929 3680 2044 3715 cum
2079 3664 2277 3715 Muret.
2309 3660 2470 3713 Grcn.
2505 3666 2563 3713 et

364 3742 537 3791 Drak.
576 3749 759 3791 censet
798 3740 1017 3801 Rupert.
1062 3740 1283 3801 periculo,
1318 3738 1363 3788 oi
1397 3739 1581 3789 cedenti
1616 3752 1678 3787 ex
1715 3750 1754 3785 a.
1788 3736 1822 3783 ἱ.
1856 3734 2058 3783 instaret
2097 3728 2264 3793 hodia,
2293 3731 2562 3791 poterut.—

370 3810 433 3855 16
464 3806 528 3855 In
550 3804 813 3855 custodium
831 3804 949 3866 jugi
971 3804 1115 3852 malit
1143 3804 1307 3853 Drak.

1355 3914 1575 3965 NOTAE

428 4026 453 4051 ⁸
477 4018 633 4073 Qum
650 4016 873 4064 audacter
887 4012 1201 4075 semiim]
1235 4010 1421 4075 Aecipi
1500 4008 1640 4072 apud
1676 4005 1948 4070 Virgilium
1989 4016 2047 4053 v.
2098 4000 2302 4051 AEueid.
2343 3998 2562 4063 dicitur,

364 4102 544 4158 potest
580 4091 889 4145 cmm-imm,
934 4090 1015 4136 vel
1054 4102 1149 4149 pro
1186 4102 1243 4137 re
1284 4102 1423 4136 eom·
1501 4086 1518 4114 ⁸
1544 4088 1614 4135 Et
1643 4085 1770 4135 tuba
1790 4083 2084 4134 commines
2103 4078 2274 4130 medio
2297 4077 2443 4127 canit
2471 4090 2560 4139 ag·

360 4172 539 4229 missa,
568 4170 679 4217 sive
716 4181 831 4230 quae
865 4170 1039 4228 coepta
1061 4172 1206 4224 erat3
1244 4165 1343 4221 vel,
1367 4171 1424 4213 nt
1505 4176 1628 4227 gere
1650 4160 1837 4211 ludos?

370 4244 629 4295 referatur
650 4242 717 4291 ad
749 4240 988 4304 pretium,
1011 4252 1107 4301 pro
1140 4238 1353 4303 incepto
1370 4246 1425 4287 et
1568 4246 1596 4273 ¹
1617 4240 1739 4287 Can
1758 4234 2032 4299 satagentis
2041 4236 2290 4295 «cr-nque
2307 4228 2562 4278 usiliari-

354 4321 608 4372 ·iuchoato
652 4316 869 4382 prelioz
920 4312 1102 4364 eodem
1136 4326 1288 4364 sensu
1322 4328 1425 4379 quo
1505 4312 1616 4385 bus]
1651 4313 1860 4366 Attalus
1875 4326 1990 4363 cum
2013 4308 2236 4373 Annio,
2259 4304 2559 4370 Misagenes
