3177 4950
1309 456 1454 508 us.
1499 458 1659 508 xm.
2392 444 2572 511 8499

377 610 496 679 que
540 596 618 659 ad
663 595 881 660 Istrum
923 600 1188 677 regressi,
1227 618 1344 659 non
1389 600 1512 660 sine
1541 600 1775 678 ingenti
1794 599 2019 660 ,letitia
2042 598 2283 660 flumen
2332 600 2475 654 0¹²0·-
2494 618 2567 653 tv·

381 695 512 755 alta
533 704 866 755 concretum
891 694 1084 772 glacie
1109 694 1498 765 offenderunt,
1525 713 1663 774 quae
1688 694 1913 754 nullum
1938 714 2085 754 onus
2108 716 2273 755 recu·
2300 680 2343 712 ‘²'
2364 671 2447 717 ²⁰·

381 808 514 849 sare
561 790 870 850 videretur.
953 788 1180 849 Verum
1231 790 1603 849 incumbente
1648 789 2045 849 festinantium
2068 810 2275 869 :seque

379 904 552 945 cursu
579 884 1104 963 agglomerandam
1119 884 1415 944 hominum
1440 904 1512 944 ac
1528 887 1927 962 jumentorum
1950 892 2079 944 toto
2102 886 2275 945 simul

381 979 630 1057 agmine,
669 980 888 1057 glacies
911 981 1021 1038 sub
1049 980 1328 1039 immenso
1358 979 1615 1059 pondere
1640 978 1917 1039 fatiscens
1938 980 2133 1039 subito
2156 979 2277 1040 dis-

377 1073 562 1143 siluit,
591 1075 1040 1151 universumque
1082 1093 1312 1151 agmen,
1339 1074 1502 1151 quod
1532 1072 1634 1131 diu
1664 1075 2036 1145 sustinuerat,
2063 1075 2275 1134 mediis

376 1169 720 1247 gurgitibus,
747 1170 912 1227 victa
937 1168 1174 1227 tandem
1200 1178 1263 1228 et
1285 1168 1665 1237 comminuta,
1690 1167 1975 1229 destituit.
2060 1168 2284 1228 Pluri-.

378 1264 458 1321 mi
492 1264 690 1322 statim
717 1263 1038 1323 vorticibus
1073 1263 1267 1323 hausti
1291 1272 1444 1322 sunt.
1533 1262 1773 1322 Multos·
1787 1272 2029 1322 enatare
2055 1282 2275 1322 conan-

378 1366 468 1417 tes
517 1366 726 1417 crustae
775 1357 1072 1417 dissolutae
1125 1357 1416 1436 frag-mina
1465 1357 1879 1437 superinducta
1930 1368 2287 1419 merserunt.·

381 1450 574 1513 Pauci
613 1473 710 1512 ex.
726 1454 885 1512 omni
925 1451 1139 1532 populo
1175 1473 1279 1532 per
1315 1462 1622 1531 utramque
1660 1453 1847 1532 ripam
1892 1451 1995 1511 vix
2030 1454 2277 1512 concisis

381 1547 698 1607 visceribus
717 1568 974 1606 evasere.

461 1624 623 1717 (25.)
666 1640 794 1700 Per
829 1662 904 1699 ea
941 1650 1208 1721 tempora
1235 1640 1570 1701 Antiochus
1612 1642 1823 1720 Magni
1849 1641 2137 1701 Antiochi
2163 1640 2280 1701 fili·
2332 1645 2543 1713 Appiae.

379 1754 472 1803 us,
514 1736 617 1813 qui
657 1735 758 1794 di‘u
795 1734 1012 1794 Romae
1038 1737 1208 1795 obses
1250 1735 1461 1806 fuerat,
1508 1745 1737 1795 mortuo
1782 1736 2034 1797 Seleuco
2057 1738 2275 1806 hatte,
2298 1710 2403 1777 ⁸5¹⁸

381 1826 574 1907 Syriae
602 1850 838 1907 regnum
865 1832 1224 1911 occupavit..
1283 1830 1566 1910 Namque
1592 1830 1901 1901 Seleucus,
1920 1850 2095 1911 quem
2122 1831 2277 1892 Phi-

381 1920 650 2003 lopatore
683 1924 883 1985 Graeci
923 1946 1232 1996 vocavere,
1275 1946 1409 1987 cum
1451 1927 1709 2005 paternis
1748 1926 2019 1985 cladibus
2060 1926 2281 1987 fractas

379 2017 692 2079 admodum
731 2019 922 2101 Syriae
955 2042 1100 2102 opes
1139 2022 1480 2101 accepisset,
1521 2030 1657 2101 post
1694 2022 1943 2081 otiosum
1982 2022 2279 2101 nullisque

381 2112 697 2175 admodum
716 2116 888 2175 rebus
907 2118 1084 2194 gestis
1102 2116 1474 2177 nobilitatum
1500 2136 1781 2176 annorum
1806 2115 2117 2177 duodecim
2144 2136 2283 2193 reg-

382 2226 544 2279 uum,
571 2210 727 2270 hunc
765 2212 1046 2271 minorem
1089 2222 1232 2271 natu
1269 2210 1529 2281 fian-em,
1557 2213 1733 2271 misso
1772 2210 2033 2272 Romam
2059 2212 2287 2289 ineius·

382 2302 578 2363 locum
617 2304 744 2365 filio
787 2326 893 2365 suo
930 2304 1257 2376 Demetrio,
1293 2306 1614 2377 revocavit,
1651 2327 1728 2367 ex
1759 2307 1991 2367 foederis
2024 2306 2271 2384 legibus,
2332 2314 2438 2364 nv.

380 2416 502 2477 quo
537 2400 748 2459 mutari
779 2401 1102 2460 identidem
1117 2401 1350 2461 obsides
1375 2403 1705 2483 oportebat.
1790 2402 1921 2463 Vix
1946 2402 2049 2461 ille
2075 2401 2281 2459 Athe-2
2299 2393 2539 2492 {gx-unx.

381 2511 490 2554 nas
515 2505 874 2578 pervenerat,
901 2517 1036 2556 cum
1075 2497 1358 2557 Seleucus
1380 2498 1609 2558 insidiis
1639 2497 1977 2566 Heliodori,
2004 2497 2175 2556 unius
2196 2505 2513 2572 emAppisn.

381 2591 735 2668 purpuratis,
761 2610 1064 2671 oppressus
1103 2593 1344 2654 interiit.
1409 2593 1597 2652 Hunc
1634 2611 1877 2671 regnum
1902 2594 2281 2654 affectantem

381 2685 682 2747 Eumenes
721 2695 786 2746 et
825 2685 1092 2747 Attalus.
1111 2688 1486 2768 expulerunt,
1535 2688 2005 2766 induxeruntque
2036 2688 2113 2746 ·in
2154 2688 2283 2763 ejus

379 2781 800 2862 possesionem
827 2780 1220 2854 Antiochum,
1244 2803 1422 2862 quem
1460 2783 1575 2842 sibi
1616 2783 1732 2842 hoc
1776 2791 1941 2844 tanto
1986 2783 2277 2846 beneficio

378 2875 720 2936 devinctum
779 2877 996 2936 habere
1059 2878 1260 2954 magni
1309 2878 1701 2942 oestimabant.
1802 2875 1842 2934 J
1846 2896 1943 2936 am
1992 2879 2150 2938 enim
2202 2886 2281 2943 ob

379 2970 670 3049 quasdam
717 2970 1170 3031 offensiunculas
1229 2979 1528 3050 suspectos
1586 2971 1889 3030 habebant
1952 2969 2277 3035 Romanos.

382 3065 608 3126 Eorum
633 3065 870 3124 auxiliis
891 3085 1072 3142 regno
1105 3065 1324 3146 potitus
1349 3065 1687 3125 Antiochus
1724 3072 1891 3123 tanto
1932 3065 2279 3145 populorum

381 3161 610 3240 gaudio·
623 3170 910 3240 exceptus
931 3169 1056 3233 est,·
1070 3170 1136 3220 ut
1170 3162 1226 3220 ei
1259 3179 1581 3239 cognomen
1611 3158 1929 3219 indiderint
1954 3160 2279 3242 Epiphani,

380 3255 565 3336 quod,
591 3277 727 3316 cum
768 3255 945 3316 alieni
985 3276 1023 3315 a
1063 3257 1238 3337 stirpe
1279 3257 1444 3334 regia
1479 3275 1719 3334 regnum
1756 3254 2121 3328 invaderent,
2158 3259 2281 3338 ipse

381 3353 560 3412 avitae
607 3351 848 3410 ditionis
896 3360 1146 3421 assertor
1195 3361 1434 3411 exortus
1483 3351 1605 3410 suis
1662 3349 1973 3411 illuxisset.
2059 3352 2281 3432 Neque

380 3466 519 3506 vero
545 3447 601 3506 ei
626 3447 704 3506 ad
726 3467 816 3506 res
841 3444 1084 3505 bellicas
1103 3446 1294 3506 defuit
1317 3446 1543 3506 indoles
1566 3455 1629 3506 et
1645 3447 1811 3524 vigor
1837 3446 2019 3506 animi
2044 3467 2281 3508 :verum

381 3541 468 3600 ita
488 3561 702 3621 pravus
725 3550 786 3600 et
811 3542 1170 3601 inconsultus
1193 3541 1306 3603 fuit
1328 3543 1390 3602 in
1419 3550 1546 3601 tota
1570 3561 1795 3603 morum
1817 3551 1883 3600 et
1908 3541 2279 3624 instituendae

381 3637 524 3696 vitae
549 3637 794 3707 ratione,
823 3630 892 3696 ut
923 3637 1110 3707 brevi,
1146 3637 1492 3716 cognomine
1525 3645 1775 3708 mutato,
1802 3657 1909 3716 pro
1936 3635 2277 3717 Epiphane‚

385 3731 730 3811 Epimaues,
757 3731 820 3791 id
845 3740 935 3791 est
957 3732 1215 3802 insanuS,
1243 3733 1615 3794 vocitaretur.

447 3827 626 3904 (26.)
671 3824 844 3906 Saepe
871 3827 1025 3885 enim
1053 3845 1313 3905 egressus
1338 3846 1371 3885 e
1406 3828 1590 3905 regia,
1616 3827 1813 3885 insciis
1842 3827 2136 3900 ministris,
2162 3847 2279 3888 uno
2334 3819 2503 3884 P⁰¹5b·
2520 3831 2600 3885 *P-

387 3929 491 3981 aut
515 3920 704 3980 altero
728 3924 965 3993 comite,
1003 3943 1106 4002 per
1146 3922 1350 3981 urbem
1385 3942 1519 3982 rosa
1554 3930 1869 3981 coronatus
1894 3930 1955 3984 et
1978 3942 2122 3981 auro
2146 3932 2278 3982 tex-
2298 3881 2604 3999 ἓωέὶζοῗ

386 4023 512 4075 tam
550 4017 788 4077 indutus
812 4026 1032 4077 vestem
1073 4017 1409 4088 incedebat,
1437 4017 1741 4078 -interdum
1782 4016 2099 4096 lapidibus,
2133 4033 2281 4096 quos
2302 4009 2478 4072 Euerg.
2518 4026 2599 4075 ⁸1>-

385 4110 496 4169 sub
529 4110 628 4170 ala
666 4112 926 4189 gerebat,
965 4113 1254 4171 incessens
1278 4115 1520 4180 obvios}
1565 4111 1855 4171 interdum
1881 4120 2089 4170 contra·
2111 4129 2277 4169 num·
2300 4074 2601 4188 Ἓξζςῗὲῑσ,

389 4199 514 4264 moe'
533 4207 591 4264 in
609 4205 820 4284 vulgus
844 4225 1140 4286 spargens,
1162 4207 1625 4286 vociferansque,
1671 4215 1687 4242 ‘
1707 4214 1899 4264 sumat
1922 4207 2016 4267 cui
2042 4205 2277 4264 fortuna
2300 4199 2377 4265 2'9·
2401 4201 2567 4252 Vde·-

387 4299 658 4361 dederit.'
728 4301 908 4361 Alias
932 4322 1072 4362 vero
1098 4322 1201 4382 per
1225 4301 1552 4390 aurificum,
1578 4301 2051 4396 caelatorunulue,
2077 4311 2141 4360 et
2163 4301 2274 4369 ali-
