3177 4950
641 408 816 479 3408
1559 423 1635 473 τ.
1682 423 1875 475 mvn

643 590 767 635 seo
813 572 1132 645 oratores,
1165 566 1280 649 qui
1326 576 1697 649 purgarent,
1742 584 1867 631 nec
1912 565 2172 629 accitos
2206 566 2292 629 ab
2328 583 2409 629 eo
2442 564 2835 641 Bastarnas,

641 690 766 736 nec
823 676 1090 735 auctore
1133 686 1218 732 eo
1271 668 1647 751 quicquam·
1686 667 1929 733 facere.
2016 668 2305 733 Senatus
2352 686 2481 731 nec
2520 668 2837 731 liberavit

642 772 789 854 ejus
811 769 1034 853 culpas
1063 776 1336 851 regem,'¹
1379 788 1596 853 neque
1626 769 1875 850 arguit:
1920 768 2174 840 moneri
2202 786 2353 831 eum
2376 767 2836 833 tantummodo

632 872 867 955 jussit,
905 881 976 934 nt
1027 872 1230 934 etiam
1277 876 1478 951 atque
1521 867 1727 933 etiam
1772 876 2057 945 curaret,
2098 876 2175 931 nt
2213 873 2519 932 sanctum
2559 869 2839 931 haberet

641 971 916 1049 soedus‚¹
959 969 1136 1053 quod
1166 970 1232 1032 ei
1255 986 1410 1032 cum
1429 967 1761 1033 Romanis
1788 987 1942 1033 esse
1967 968 2175 1031 videri
2206 974 2482 1051 posset.²
2570 966 2839 1033 Darda-

647 1072 741 1149 ni,
791 1089 942 1134 cnm
997 1070 1364 1133 Bastarnas
1411 1088 1540 1133 non
1577 1068 1783 1133 modo
1826 1088 1957 1132 non
2000 1068 2328 1133 excedere
2374 1068 2619 1135 finibus
2668 1070 2839 1145 suis,

615 1170 828 1257 -qnod
881 1176 1388 1255 superaverant,
1436 1170 1556 1234 sed
1602 1170 1938 1252 graviores
1978 1168 2119 1235 fieri
2166 1170 2235 1233 in
2284 1169 2435 1234 dies
2474 1176 2843 1245 cernerent,

643 1272 951 1337 subnisos
983 1272 1318 1337 Thracum
1351 1272 1729 1335 accolarum
1760 1280 1829 1335 et
1858 1270 2366 1336 Scordiscorum
2393 1272 2688 1345 auxiliis,
2716 1289 2847 1343 ati--¹

646 1372 934 1437 dendum
977 1371 1237 1455 aliquid
1285 1370 1396 1434 vel
1438 1376 1678 1435 temere
1720 1372 1866 1442 rati,
1897 1390 2129 1435 omnes
2159 1371 2456 1457 undique
2487 1372 2722 1435 armati
2754 1370 2843 1434 ad

643 1473 983 1557 oppidum,
1005 1472 1179 1556 quod
1213 1472 1588 1554 proximum
1614 1472 1855 1537 castris
1890 1473 2367 1537 Bastarnarum
2401 1478 2566 1547 erat,
2594 1490 2841 1534 conve-

641 1572 876 1637 niunt.³
967 1572 1233 1656 Hyems
1263 1579 1431 1649 erat,
1463 1580 1532 1637 et
1561 1572 1631 1637 id
1662 1572 1817 1637 anni
1849 1580 2113 1657 tempus
2142 1572 2497 1656 elegerant,
2527 1580 2606 1637 ut
2626 1570 2840 1635 Thra-

645 1692 764 1736 ces
791 1672 1268 1756 Scordiscique
1297 1673 1369 1736 in
1397 1671 1565 1736 fines
1598 1692 1761 1738 snos
1790 1673 2066 1738 abirent.
2159 1672 2363 1752 Quod
2408 1674 2525 1737 ubi
2570 1674 2665 1736 ita
2698 1672 2839 1736 fac-

643 1778 806 1850 tum,
837 1780 906 1837 et
932 1771 1116 1837 solos
1136 1771 1281 1855 jam
1313 1791 1467 1838 esse
1513 1773 1881 1837 Bastarnas
1927 1773 2301 1849 andierunt,
2330 1773 2637 1838 bifariam
2667 1772 2842 1838 divi-

645 1872 812 1937 dunt
833 1874 1111 1957 copias:
1157 1892 1335 1956 pars,
1355 1880 1428 1938 ut
1447 1881 1634 1937 recto
1657 1874 1895 1939 itinere
1916 1874 2002 1938 ad
2025 1874 2501 1939 lacessendum
2527 1894 2613 1939 ex
2646 1894 2839 1957 aper-

641 1980 719 2037 to
749 1975 914 2053 iret3
959 1992 1137 2057 pars,
1167 1971 1366 2036 devio
1401 1972 1577 2037 saltn
1618 1973 2093 2054 circumducta,
2123 1978 2209 2040 ab
2238 1983 2424 2058 tergo
2454 1976 2843 2059 aggredere-

643 2080 772 2138 tur.
833 2072 1170 2151 Ceterum,
1187 2076 1578 2158 priusquam
1606 2076 1949 2139 circumire
1973 2086 2201 2141 castra
2221 2076 2512 2142 hostium
2534 2082 2841 2159 possent,

643 2182 1012 2258 pugnatum
1057 2180 1199 2253 θεῖς
1241 2175 1533 2255 victique
1577 2173 1885 2239 Dardani
1929 2176 2421 2259 compelluntur
2462 2178 2533 2242 in
2578 2178 2839 2255 urbem,

647 2296 800 2359 quae
841 2274 974 2341 fere
1021 2276 1370 2340 duodecim
1405 2274 1619 2338 millia
1656 2276 1743 2339 ab
1778 2278 2014 2340 castris
2064 2278 2541 2344 Bastarnarum
2586 2280 2841 2343 aberat.

645 2377 960 2444 Victores
988 2374 1332 2469 confestim
1363 2374 1840 2441 circumsidunt
1861 2378 2115 2455 urbem,
2140 2377 2321 2443 haud
2342 2379 2545 2443 dubie
2572 2385 2839 2463 postero

646 2481 760 2544 die
782 2488 904 2545 aut
921 2485 1102 2544 metu
1126 2477 1456 2543 dedituris
1474 2497 1549 2542 se
1573 2478 1909 2556 hostibus,
1930 2488 2051 2544 aut
2068 2481 2135 2543 vi
2152 2483 2606 2564 expugnaturi.
2650 2482 2840 2546 Inte-

644 2583 770 2645 rim
791 2579 1248 2644 Dardanorum
1274 2578 1484 2642 altera
1512 2597 1771 2655 manns,
1801 2599 1954 2662 quse
1980 2580 2445 2646 circumducta
2470 2583 2841 2664 erat,igna-

643 2701 722 2746 ra
739 2680 953 2746 cladis
975 2698 1276 2756 suorum,
1295 2685 1520 2742 castra
1541 2677 2022 2744 Bastarnarum
2042 2682 2187 2746 sine
2210 2682 2530 2766 praesidio
2558 2683 2790 2749 relicta
2807 2693 2841 2731 r

947 2777 1136 2858 [nullo
1175 2778 1410 2855 negotio
1453 2777 1630 2857 cepit.
1717 2777 2025 2840 Bastarna
2068 2783 2227 2840 omni
2272 2789 2334 2840 et
2376 2790 2729 2852 commeatu,
2772 2793 2842 2844 et

945 2883 1232 2954 apparatu
1273 2871 1511 2942 bellico,
1555 2872 1659 2950 qui
1698 2871 1759 2930 in
1803 2875 2007 2932 castris
2044 2875 2260 2947 fuerat,
2300 2878 2493 2948 exuti,
2532 2897 2669 2938 cum
2706 2881 2845 2956 ejus

943 2968 1254 3049 reparandi
1298 2967 1552 3028 facultas
1594 2987 1672 3027 ex
1713 2967 1910 3027 hostili
1942 2970 2200 3048 regione,
2236 2979 2301 3030 et
2330 2971 2541 3032 infesto
2576 2983 2841 3054 tempore

941 3066 1105 3133 anni,
1129 3063 1298 3122 nulla
1331 3071 1506 3132 esset,
1534 3063 1754 3142 patrias
1790 3061 1959 3122 sedes
1992 3074 2255 3145 repetere
2280 3075 2625 3128 stamerunt.
2708 3068 2843 3129 Ita-

1571 3235 1908 3260 000„an

644 3351 745 3401 eins
765 3347 884 3398 edd.
903 3357 1026 3399 ante
1043 3351 1317 3412 sigone—2
1339 3351 1426 3400 Sic
1448 3361 1635 3401 contra
1656 3365 1857 3402 sensnm
1882 3360 1937 3403 et
1954 3354 2290 3404 Latinitatem
2320 3363 2495 3404 censet
2514 3355 2676 3406 Deer-
2698 3357 2845 3420 Ιοςίς

645 3423 702 3464 et
723 3413 857 3463 hand
883 3415 1265 3464 inconsiderate
1290 3412 1475 3463 fecisse
1500 3423 1651 3478 putat
1707 3418 1804 3466 uod
1830 3418 1963 3467 hunc
1987 3419 2153 3468 iocum
2176 3419 2323 3468 dedit
2346 3421 2419 3469 nti
2437 3435 2551 3469 eum
2570 3420 2844 3482 eleganter

645 3479 939 3527 emendavit
960 3478 1076 3529 διο.
1100 3478 1264 3528 Gron.
1299 3483 1350 3527 at
1371 3483 1588 3528 mum
1620 3432 1787 3530 Ιιαῖεη
1805 3481 1991 3542 soedm,
2012 3485 2135 3546 qnod
2154 3485 2201 3532 ei
2218 3498 2325 3533 em
2347 3485 2577 3534 Romu
2596 3489 2732 3542 aad,
2764 3486 2847 3533 oi-

643 3543 748 3592 ἀει-ι’
770 3545 1043 3605 ponde-8
1081 3543 1410 3592 cmc-evm
1443 3543 1611 3594 Gron.
1632 3545 1853 3608 Donjat.
1873 3547 2029 3597 Crev-

1628 3705 1849 3758 ⁸0¹1·AE

709 3805 735 3831 ⁸
769 3797 874 3846 Nee
909 3797 1132 3847 liberauit
1172 3798 1271 3860 <ias
1311 3799 1460 3864 eulpa
1509 3802 1695 3866 regem]
1778 3817 1809 3853 a
1832 3802 1993 3853 verbo
2026 3803 2219 3854 liabent
2251 3801 2316 3852 ad
2353 3801 2565 3852 verbnm
2594 3807 2741 3865 met,
2764 3805 2842 3856 sic

644 3871 728 3921 Its
767 3871 901 3921 dixit
939 3871 1140 3923 liberare
1180 3876 1344 3938 culpe,
1381 3882 1438 3925 nt
1477 3874 1697 3926 dicimus
1778 3879 2041 3939 emendat,
2083 3885 2137 3928 at
2180 3885 2396 3928 maan
2450 3877 2619 3926 habere
2660 3875 2845 3942 foedn,

641 3947 660 3974 ‘
681 3947 887 4012 pienum
911 3949 1138 4006 irarum,'
1166 3958 1182 3980 ‘
1200 3965 1414 4000 vacnum
1434 3950 1577 4008 vini,’
1596 3956 1694 4002 dte.
1777 3955 1899 4018 quod
1921 3954 1966 4003 ei
2004 3969 2110 4003 can
2136 3953 2364 4002 Remis
2382 3959 2522 4015 esset,
2542 3953 2697 4002 uider-t
2723 3967 2841 4016 1»oe-

641 4025 928 4088 Receptior
959 4025 1200 4089 loquendi
1233 4025 1394 4076 forma
1416 4036 1498 4077 est
1532 4034 1546 4056 ⁴
1565 4028 1697 4078 libe·
1777 4033 1867 4078 set.

643 4113 761 4149 rare
782 4099 969 4162 culpal
1842 4111 1865 4147 5
1897 4102 2014 4154 Sine
2044 4103 2269 4168 wasidio
2287 4102 2479 4166 relicta]
2518 4102 2619 4152 Hic
2638 4101 2841 4153 adden·

709 4179 734 4206 ⁸
775 4174 842 4222 Ut
861 4179 1076 4224 randum
1101 4173 1291 4224 haberet
1307 4175 1495 4239 sedus]
1530 4177 1697 4226 Recte
1776 4178 1846 4228 da
1872 4179 2245 4230 Bastarnarum
2278 4193 2395 4230 cum
2431 4177 2690 4230 Dardanis
2720 4193 2837 4230 cer·

642 4246 758 4297 διο.
778 4247 1003 4301 Gronov.
1038 4251 1292 4301 translata
1327 4253 1478 4302 litera
1509 4252 1696 4302 tinniit
1776 4255 1986 4304 tamine.
2841 4264 2851 4276 ·
