3177 4950
589 431 766 498 ³⁴86
1515 445 1591 496 τ.
1638 444 1831 496 mvn

591 594 782 669 tium,
833 589 1136 656 infractis
1171 590 1478 654 omnibus
1509 588 1747 668 hastis,
1790 594 2339 654 transcurrerunt.
2426 586 2787 670 Dissipat·

593 712 830 770 cuneo,
875 693 942 756 in
988 711 1128 776 quo
1173 693 1390 758 omnis
1435 711 1595 775 spes
1637 693 1879 768 suerat,
1924 690 2241 756 Celtiberi
2288 689 2651 772 trepidare,
2692 694 2783 764 et,

590 813 808 881 prope
835 795 1088 858 omissa
1116 813 1367 876 pugna,
1397 794 1617 858 locum
1649 793 1825 877 fugae
1854 792 2387 876 circumspicere.
2474 789 2567 856 Et
2591 791 2788 868 alarii

592 896 900 978 equites,r
925 903 1284 978 postquam
1327 894 1783 960 Romanorum
1830 896 2124 977 equitum
2172 901 2309 957 tam
2356 893 2789 958 memorabile

589 997 850 1062 facinus
899 997 1142 1072 videre,
1189 1005 1262 1061 et
1307 997 1466 1081 ipsi,
1509 999 1749 1062 virtute
1786 1015 2013 1060 eorum
2054 995 2352 1071 accensi,
2398 993 2545 1058 sino
2578 995 2787 1060 ullius

591 1098 872 1182 imperio
899 1099 966 1162 in
997 1101 1420 1180 perturbatos
1440 1100 1584 1183 Jam
1610 1099 1833 1163 hostes
1862 1116 2083 1181 equos
2114 1097 2503 1162 immittunt.
2586 1096 2787 1160 Tunc

597 1217 752 1264 vero
795 1198 1116 1264 Celtiberi
1163 1219 1396 1265 omnes
1445 1202 1514 1265 in
1553 1199 1773 1284 fugam
1820 1197 2269 1273 effunduntur,
2313 1206 2381 1262 et
2424 1198 2787 1281 imperator

591 1297 972 1379 Romanus,
1025 1321 1318 1381 aversos,
1357 1301 1588 1366 hostes
1632 1299 2151 1382 contemplatus,
2192 1297 2409 1362 aedem
2464 1295 2783 1364 Fortuna

593 1399 926 1484 Equestri,
953 1401 1246 1486 Jovique
1267 1404 1520 1485 optimo
1549 1405 1845 1466 maximo
1882 1401 2085 1466 ludos
2114 1399 2322 1467 vovit.
2406 1399 2787 1466 Caeduutur

593 1500 908 1567 Celtiberi
938 1521 1060 1585 per
1089 1511 1298 1568 totum
1345 1504 1591 1569 saltum
1636 1503 1951 1586 dissipati
1982 1503 2164 1584 suga.
2254 1501 2505 1566 Decem
2533 1509 2785 1586 etcop-

595 1609 724 1667 tem
759 1604 972 1668 millia
1001 1604 1292 1668 bostium
1335 1625 1519 1672 coesa
1548 1623 1635 1668 eo
1664 1605 1773 1668 die
1808 1603 2194 1684 traduntur3
2242 1601 2381 1666 vivi
2410 1602 2597 1685 capti
2627 1601 2781 1685 plus

591 1711 915 1787 quatuor¹
967 1705 1201 1779 millia,
1243 1705 1556 1770 ducentis
1602 1707 2027 1788 septuaginta
2072 1711 2331 1786 septem
2378 1723 2533 1768 cum
2578 1705 2783 1786 siguis

589 1805 1017 1883 militaribus,
1057 1808 1252 1890 equis
1297 1825 1510 1890 prope
1557 1807 1739 1871 mille
1774 1814 2055 1871 centum.
2144 1803 2375 1870 Nullis
2418 1807 2665 1870 castris
2694 1824 2783 1870 eo

592 1906 703 1971 die
737 1911 950 1973 victor
977 1912 1314 1974 exercitus
1343 1910 1611 1974 mansit.
1698 1906 2009 1973 Victoria
2036 1925 2171 1973 nou
2200 1908 2349 1970 siue
2366 1905 2635 1990 jactura
2662 1907 2785 1972 mi·

587 2007 775 2072 litum
807 2009 957 2072 fuit.
1045 2008 1530 2090 Quadringenti
1561 2010 1989 2091 septuaginta
2017 2009 2153 2074 duo
2182 2008 2427 2074 milites
2460 2007 2781 2084 Romam,

590 2110 847 2173 socium
879 2129 964 2174 ac
995 2109 1228 2176 Latini
1259 2110 1541 2174 nominis
1577 2109 1759 2174 mille
1796 2109 2025 2174 decem
2068 2115 2137 2174 et
2186 2128 2455 2185 novem,
2484 2127 2643 2179 cum
2670 2109 2781 2175 his

587 2211 718 2274 tria
749 2210 962 2274 millia
990 2210 1274 2275 militum
1307 2209 1813 2274 auxiliariorum
1838 2212 2189 2292 perierunt.
2277 2210 2391 2274 Ita
2423 2209 2637 2275 victor
2662 2227 2783 2276 ex·

585 2310 854 2387 orcitus,
886 2320 1205 2376 renovata
1231 2312 1453 2394 priore
1489 2309 1725 2392 gloria,
1752 2309 2200 2375 Tarraconem
2238 2321 2347 2376 est
2392 2310 2778 2394 perductus.

588 2408 906 2475 Venienti
943 2410 1188 2474 Fulvio
1216 2409 1328 2474 Ti.
1357 2409 1791 2494 Sempronius
1821 2418 2093 2495 praetor,
2110 2411 2230 2495 qui
2251 2411 2457 2477 biduo
2485 2417 2649 2477 aute
2671 2429 2783 2477 ve·

585 2521 796 2587 uerat,
826 2514 1098 2578 obviam
1142 2515 1493 2597 processit,
1539 2513 2040 2598 gratulatusque
2070 2520 2192 2590 est,
2222 2514 2409 2596 quod
2438 2532 2581 2577 rem
2612 2515 2781 2597 pub-

585 2612 792 2676 licam
825 2615 1085 2695 egregie
1114 2616 1455 2697 gessisset.
1547 2613 1722 2677 Cum
1768 2633 2024 2678 summa
2064 2614 2447 2692 concordia,
2478 2632 2657 2698 quos
2675 2616 2781 2681 di·

587 2712 932 2792 mitterent,
966 2733 1268 2797 quosque
1297 2716 1649 2779 retinerent
1680 2713 1947 2789 milites,
1976 2722 2519 2798 composuerunt.
2610 2712 2781 2783 Indo·

591 2811 897 2892 Fulvius,
927 2818 1380 2882 exauctoratis
1409 2815 1780 2881 militibus
1762 2834 1829 2879 111
1860 2834 2065 2881 naves
2092 2817 2457 2900 impositis,
2487 2816 2781 2883 Romam

586 2924 698 2981 est
727 2918 1086 2999 profectus.
1175 2916 1605 3003 Sempronius
1634 2919 1703 2981 in
1730 2914 2155 2982 Celtiberiam
2186 2919 2485 2999 legiones
2516 2916 2735 2983 duxit.

674 3019 784 3082 41.
831 3018 1160 3082 Consules
1189 3021 1386 3083 ambo
1419 3021 1482 3084 in
1524 3019 1813 3101 Ligures
1852 3019 2196 3083 exercitus
2234 3018 2639 3085 induxerunt
2677 3020 2781 3085 di-

592 3120 812 3182 versis
841 3120 1162 3200 partibus.
1251 3120 1645 3185 Postumius
1678 3122 1895 3203 prima
1938 3128 2009 3185 et
2053 3122 2253 3187 tertia
2282 3122 2559 3203 legione
2606 3120 2783 3185 Blis-

591 3230 728 3283 tam
754 3220 1364 3304 Suismontiumque
1381 3228 1404 3257 ⁸
1453 3227 1705 3285 montes
1725 3220 2009 3301 obsedit,
2041 3230 2133 3299 et,
2164 3220 2524 3307 premendo
2544 3223 2778 3307 11111181-

1505 3382 1774 3404 OOOOOOOO
1776 3382 1865 3402 m

591 3465 838 3515 Boon—1
880 3465 996 3515 Tri·
1017 3466 1181 3517 Grou.
1205 3468 1422 3533 Doujat.
1441 3467 1601 3518 Crev-

1573 3596 1792 3647 ⁸0¹1·AE

650 3696 671 3723 Ρ
709 3691 938 3741 Eram-it
966 3694 1170 3759 equites]
1203 3694 1454 3744 Nimirum
1477 3694 1641 3744 socia·
1724 3706 1786 3743 ac
1827 3692 2015 3742 Stnrlm
2056 3689 2243 3749 fontes,
2284 3688 2777 3752 bodievnlgaribu·

587 3767 683 3829 lea,
701 3783 792 3817 neu
815 3770 990 3819 Latini
1013 3774 1248 3820 nominis.
1722 3768 2158 3833 appellationibus
2190 3768 2435 3817 dicuutur
2456 3766 2623 3816 Monte
2662 3767 2779 3813 Cen

649 3842 815 3892 Ater-ii
853 3845 1058 3909 equita]
1100 3848 1387 3906 Sociorum,
1437 3861 1645 3910 nempe.
1722 3860 1853 3900 nera,
1877 3856 1932 3894 et
1956 3846 2121 3893 Mam
2146 3843 2299 3891 Penes
2272 3857 2365 3900 se,-
2398 3856 2463 3891 un
2432 3842 2535 3891 nde
2566 3856 2662 3904 per
2682 3842 2779 3891 ee·

586 3918 712 3970 vid.
755 3920 981 3983 [sip-ium
1018 3922 1084 3971 de
1119 3923 1232 3973 Mil.
1265 3922 1414 3973 Rom.
1455 3924 1544 3973 lib.
1579 3936 1645 3972 11.
1723 3922 1776 3968 111
1802 3928 1957 3984 atque
1978 3920 2121 3968 Turi
2156 3920 2385 3967 amnium
2406 3920 2565 3969 valles
2586 3919 2689 3967 11111·
2711 3916 2779 3966 ad

586 3994 709 4043 disi.
733 3998 781 4043 7.
810 3996 865 4044 J.
895 3996 1123 4046 Clericus.
1726 3996 1987 4057 Parmam,
2026 4003 2082 4045 et
2120 3994 2331 4045 Macros
2356 4006 2587 4056 esnvpos,
2610 3992 2780 4057 (inter

645 4070 920 4121 ‘Ratiatum
939 4072 1395 4137 Suismontiumque]
1413 4072 1479 4123 Hi
1497 4088 1641 4123 mou·
1722 4072 1959 4121 Parmam
1999 4080 2054 4120 et
2087 4070 2343 4121 Mutinam
2376 4070 2551 4133 sitos,)
2592 4070 2781 4121 laetum

586 4152 666 4195 tes
689 4160 808 4208 pars
831 4156 951 4197 suut
975 4147 1237 4209 Apennini
1273 4150 1322 4197 iu
1347 4148 1528 4197 tinibus
1555 4148 1641 4197 Li·
1722 4157 1893 4199 autern
1948 4154 2173 4196 montem
2218 4154 2419 4211 partem
2462 4160 2579 4197 esse
2628 4151 2781 4209 putat

565 4222 763 4293 ,gurim
830 4222 1126 4285 Censetque
1164 4222 1371 4272 Cluver.
1402 4237 1488 4272 eos
1528 4237 1640 4273 esse
1723 4223 1953 4273 Bali-te.
2020 4222 2244 4273 Videtur
2264 4230 2441 4273 tamen
2458 4222 2669 4281 Balistoe
2686 4236 2779 4271 1111·

584 4298 799 4351 montes.
818 4296 905 4359 qui
928 4295 995 4345 ad
1021 4296 1263 4348 Labonioe
1285 4298 1394 4357 sive
1419 4298 1639 4359 Entella
1720 4301 1873 4349 mini·
1899 4300 2118 4363 vestigia
2136 4312 2347 4351 servare
2364 4314 2483 4363 par·
2492 4299 2585 4349 itt·
2600 4298 2779 4363 Apo·-
