3177 4950
585 442 764 507 3468

637 2232 850 2282 Frontin-

606 2299 748 2348 Strat.
771 2312 833 2346 ιι.
855 2302 903 2347 ⁶.

642 2903 751 2954 Liv.
767 2902 897 2968 Epit.

611 2983 726 3018 xu-

645 3094 801 3143 Strab.
823 3109 909 3145 ιιι.

611 3173 662 3221 p.
688 3163 798 3208 168.

1544 450 1622 497 Τ.
1674 448 1865 497 lell

909 598 1069 655 tione
1101 594 1178 653 ad
1216 593 1582 653 alacritatem
1618 600 1797 671 atque
1834 589 2143 651 audaciam
2168 589 2281 647 hoc
2310 588 2513 646 nuntio
2536 586 2811 658 excitati,

911 690 1236 752 obfirmatis
1285 689 1364 747 ad
1415 687 1641 747 fortiter
1691 686 2133 766 repugnandum
2188 682 2419 754 animis,
2470 683 2567 742 die
2614 684 2813 753 tertio,

911 787 1168 847 adventu
1221 784 1482 843 Gracchi
1547 782 1823 859 digressis
1882 780 2167 849 hostibus,
2234 778 2539 839 obsidione
2588 780 2815 838 exemti

911 890 1065 941 sunt.
1151 880 1290 959 Ipse
1329 887 1538 959 postea
1567 878 1881 938 Gracchus
1918 874 2125 935 fraude
2166 876 2546 933 barbarorum
2584 875 2818 953 appeti-

912 988 1026 1048 tus,
1057 975 1380 1056 periculum
1405 974 1632 1035 viribus
1668 982 1793 1033 arte
1832 972 2057 1051 adjutis
2096 972 2183 1031 ita
2215 970 2509 1039 discussit,
2542 978 2608 1028 ut
2638 969 2819 1028 dolus

915 1074 974 1131 in
1017 1081 1286 1132 auctores
1324 1078 1598 1131 verteret.
1688 1069 2022 1149 Complega
2062 1076 2192 1127 erat
2234 1067 2371 1125 urbs
2406 1065 2637 1144 aliquot
2676 1074 2819 1125 ante

917 1168 1086 1227 annis
1121 1167 1386 1236 condita,
1413 1164 1518 1225 sed
1544 1164 1747 1225 valida
1785 1164 1965 1223 muris
2007 1171 2071 1223 et
2108 1162 2400 1223 celeribus
2441 1161 2821 1220 incrementis

917 1273 1116 1334 aucta,
1145 1265 1206 1322 iu
1235 1282 1412 1343 quam
1437 1260 1614 1320 multi
1640 1260 2051 1339 Hispanorum
2074 1264 2511 1325 concurrerant,
2531 1257 2635 1335 qui
2660 1256 2823 1335 prius

917 1368 1154 1437 egentes
1193 1378 1334 1435 agro
1375 1358 1492 1417 huc
1533 1355 1679 1415 illuc
1716 1356 1917 1433 vagari
1960 1356 2337 1433 cogebantur.
2422 1352 2521 1411 Ex
2562 1370 2637 1410 ea
2674 1352 2821 1411 urbe

917 1456 1266 1537 prodeuntes
1305 1456 1384 1514 ad
1409 1454 1617 1531 viginti
1652 1454 1951 1512 hominum
1988 1451 2197 1519 millia,
2222 1449 2554 1530 supplicum
2588 1449 2821 1517 habitu,

919 1570 1224 1630 ramosque
1265 1550 1413 1609 oleae
1453 1550 1833 1629 porrigentes,
1860 1549 1919 1608 in
1962 1555 2281 1627 conspectu
2321 1554 2643 1605 castrorum
2684 1552 2823 1603 tan·

920 1666 1100 1727 quam
1134 1666 1342 1726 pacem
1376 1646 1597 1705 oraturi
1630 1646 2037 1704 constiterunt.
2120 1642 2273 1701 Mox
2304 1642 2553 1718 abjectis
2576 1658 2824 1721 precan-

921 1743 1066 1803 tium
1108 1743 1430 1821 insignibus
1463 1762 1540 1801 ex
1580 1741 1895 1820 improviso
1936 1738 2191 1817 aggressi
2230 1737 2560 1807 Romanos,
2602 1754 2823 1816 pavore

921 1859 994 1899 ac
1022 1838 1278 1898 tumultu
1305 1838 1503 1897 omnia
1523 1835 1989 1916 compleverunt.
2074 1834 2385 1894 Gracchus
2408 1832 2659 1914 sapienti
2682 1850 2825 1891 con-

921 1934 1054 1994 silio
1079 1943 1274 1995 castra
1301 1954 1404 2012 per
1429 1932 1857 1993 simulationem
1882 1934 2041 2011 fugae
2064 1932 2363 1993 deseruit:
2406 1950 2541 2012 quoe
2565 1930 2655 1991 illi
2680 1930 2828 1990 dum

923 2029 1100 2089 solita
1139 2028 1404 2088 barbaris
1439 2027 1729 2088 aviditate
1754 2028 2057 2109 diripiunt,
2084 2048 2325 2107 seseque
2365 2026 2569 2107 praeda
2598 2044 2827 2107 praepe-

924 2121 1115 2193 diunt,
1137 2143 1396 2183 reversus
1421 2124 1638 2194 subito,
1660 2131 1723 2183 et
1742 2123 1885 2183 nihil
1912 2122 2035 2183 tale
2058 2132 2385 2182 metuentes
2410 2122 2671 2192 adorus,
2692 2121 2831 2203 plu-

927 2218 1102 2278 rimos
1133 2216 1372 2287 cecidit,
1397 2226 1574 2297 atque
1610 2220 1789 2277 etiam
1806 2219 1934 2298 ipsa
1952 2219 2097 2277 urbe
2132 2217 2353 2298 potitus
2374 2226 2483 2277 est.
2546 2216 2701 2277 Sunt
2726 2220 2832 2297 qui

928 2333 1050 2373 rem
1077 2313 1248 2373 aliter
1291 2323 1560 2373 narrent:
1606 2312 1970 2384 Gracchum,
2005 2334 2141 2375 cum
2180 2314 2557 2394 comperisset
2600 2314 2832 2374 hostem

930 2409 1130 2490 inopia
1170 2408 1459 2480 laborare,
1504 2418 1701 2470 castra
1736 2410 2178 2469 instructissima
2210 2409 2483 2469 omnibus
2520 2408 2834 2469 esculentis

931 2507 1252 2566 deseruisse
1281 2527 1445 2586 :quae
1471 2506 1753 2587 adeptum
1770 2507 2017 2576 hostem,
2036 2515 2101 2564 et
2116 2505 2357 2585 repertis
2376 2506 2835 2585 intemperanter

928 2601 1218 2680 repletum
1263 2621 1640 2681 gravemque,
1682 2599 1923 2662 reducto
1967 2602 2228 2662 exercitu
2282 2599 2583 2671 Romane,
2632 2603 2835 2664 subito

932 2715 1270 2775 oppressum
1296 2715 1438 2755 esse.

1015 2793 1140 2869 (ὁ.)
1179 2791 1480 2862 Ceterum,
1506 2791 1631 2851 sive
1670 2790 1799 2850 haec
1822 2789 2053 2850 diversa
2092 2799 2183 2851 est
2222 2791 2489 2869 ejusdem
2528 2793 2613 2851 rei
2652 2801 2833 2870 gestae

935 2887 1210 2959 narratio,
1239 2886 1362 2946 sive
1403 2886 1523 2946 alia
1559 2886 1737 2966 plane
1770 2905 1860 2946 res
1898 2905 1971 2946 ac
2004 2887 2271 2958 victoria,
2306 2886 2633 2967 complures
2670 2895 2832 2948 certe

935 2982 1184 3062 populos
1213 2982 1545 3055 Gracchus,
1587 2990 1767 3061 atque
1809 2981 1959 3042 adeo
1997 2991 2183 3042 totam
2218 2981 2651 3042 Celtiberorum
2692 3003 2835 3061 gen-

935 3087 1052 3137 tem
1099 3077 1442 3155 perdomuit.
1527 3076 1773 3158 Cepisse
1818 3097 1949 3137 eum
1992 3087 2055 3136 et
2097 3079 2372 3138 evertisse
2418 3087 2711 3138 trecentas
2754 3099 2837 3138 ex·

936 3171 1052 3231 illis
1092 3173 1286 3242 urbes,
1329 3192 1667 3251 quanquam
1709 3172 2009 3251 Polybius
2050 3174 2243 3250 gravis
2282 3174 2343 3231 in
2386 3173 2587 3254 primis
2628 3183 2839 3234 auctor

937 3276 1243 3337 memorat,
1269 3267 1428 3326 haud
1469 3275 1669 3326 tamen
1708 3286 1814 3346 pro
1851 3277 2013 3328 certo
2051 3267 2335 3328 affirmare
2378 3269 2597 3338 ausimz
2642 3271 2753 3328 nisi
2784 3271 2837 3330 si

937 3361 1166 3421 urbium
1205 3362 1436 3420 nomine
1479 3367 1665 3420 turres
1704 3371 1767 3422 et
1807 3363 2053 3422 castella
2088 3363 2474 3442 intelligenda
2498 3373 2670 3424 sunt:
2712 3386 2837 3445 quo

937 3457 1228 3517 mendacii
1263 3477 1472 3535 genere
1497 3467 1560 3516 et
1583 3458 1694 3536 ipsi
1724 3457 2015 3518 bellorum
2040 3459 2245 3531 duces,
2268 3469 2331 3520 et
2353 3460 2661 3538 scriptores
2686 3481 2835 3538 quo-

938 3571 1054 3630 que
1079 3551 1448 3612 historiarum
1469 3573 1562 3612 res
1585 3561 1778 3630 gestas
1800 3573 2086 3613 exornare
2112 3565 2331 3614 amant.
2406 3553 2577 3616 Nam
2602 3553 2841 3634 Hispa-

939 3647 1040 3706 nia
1065 3647 1304 3724 quidem
1333 3647 1499 3707 arido
1525 3656 1588 3707 et
1614 3648 1835 3709 inculto
1856 3649 2285 3728 solo'magnam
2312 3650 2539 3710 urbium
2566 3649 2839 3710 multitu-

939 3741 1138 3802 dinem
1171 3742 1330 3802 alere
1367 3762 1482 3802 non
1524 3752 1735 3822 potest.
1820 3743 2184 3824 Repugnant
2217 3745 2397 3805 etiam
2428 3744 2839 3824 Hispanorum

943 3855 1154 3906 ωσι-ω,
1179 3840 1228 3896 si
1265 3839 1500 3898 accolas
1545 3841 1725 3900 nostri
1766 3840 1943 3900 maris
1980 3841 2265 3920 excipies,
2295 3839 2402 3900 seri
2438 3849 2839 3919 agrestesque,

941 3951 1076 3992 cum
1116 3933 1389 3994 civilibus
1423 3935 1654 3996 urbium
1688 3937 2073 3997 conventibus
2106 3937 2503 3995 mansuetiora
2532 3934 2659 3996 fieri
2684 3936 2839 3996 sole-

943 4038 1045 4088 ant
1083 4031 1378 4090 hominum
1409 4033 1663 4111 ingenia.
1749 4033 2029 4094 Ceterum
2044 4033 2338 4113 ,quicquid
2362 4033 2739 4094 stamendum
2763 4036 2841 4094 sit

941 4124 1018 4183 de
1073 4145 1310 4201 numero
1353 4137 1457 4187 aut
1500 4149 1709 4206 genere
1752 4129 1979 4189 urbium
2030 4151 2067 4189 a
2110 4129 2457 4209 Sempronio
2506 4139 2839 4210 captarum,

945 4221 1190 4294 (etenim
1234 4224 1292 4281 in
1335 4243 1573 4284 numero
1614 4225 1843 4284 variant
1867 4245 2100 4304 quoque
2146 4226 2473 4304 scriptoreS,
2514 4235 2577 4286 et
2600 4237 2839 4286 centum
