3177 4950
633 431 811 500 3⁷14
1584 443 1656 493 τ.
1703 435 1894 491 mvn

668 591 763 640 Plu
766 598 805 642 t.
823 591 875 640 in
934 589 1122 670 [lig-ua
1146 584 1583 668 petere.1nde
1609 594 1893 646 structum
1917 581 2168 652 vallum,
2195 577 2642 661 propugnacula
2663 583 2837 642 exei-

638 657 808 706 AEmnl
922 695 1071 754 tata,
1112 683 1361 762 adjectis
1392 682 1648 742 turribus
1681 679 2090 761 dispositisque
2107 679 2342 758 ⁴ubique
2377 679 2706 747 tormentis,
2747 679 2838 736 ita

920 782 1109 860 ripam
1122 778 1541 848 defendebant,
1562 786 1630 836 ut
1647 785 1950 857 penetrare
1969 774 2152 834 honus
2167 775 2296 832 sine
2317 775 2484 852 gravi
2505 775 2838 833 certamine

920 885 983 936 et
1025 875 1285 956 periculo
1328 893 1443 932 non
1490 881 1702 953 posset.
1787 871 1890 932 Sic
1929 879 2123 944 tutum
2163 889 2226 930 se
2269 869 2546 928 adversus
2589 889 2834 928 omnem

922 974 1329 1034 Romanorum
1349 973 1634 1050 impetum
1651 969 1778 1030 fore
1797 967 2159 1038 confidebat,
2180 965 2554 1044 sedendoque
2575 975 2642 1024 et
2661 965 2836 1042 segni

922 1089 1086 1128 mora
1124 1069 1581 1146 languescentes,
1625 1073 1751 1124 tum
1793 1063 2078 1123 sumtibus
2115 1062 2433 1122 exhaustos
2471 1061 2672 1120 hostes
2697 1069 2834 1119 tau-

922 1165 1057 1224 dem
1083 1163 1325 1224 taedium
1356 1173 1479 1222 tam
1513 1159 1772 1222 difficilis
1804 1159 1950 1220 belli
1988 1166 2315 1238 capturum.
2399 1155 2664 1216 Paullus
2687 1175 2834 1214 eou-

922 1271 1037 1330 tra,
1082 1279 1201 1338 quo
1248 1257 1584 1336 diligentius
1609 1263 1686 1316 ·et
1731 1256 1961 1320 cautius
2005 1253 2202 1313 omnia
2253 1251 2410 1332 apud
2458 1250 2838 1312 Macedonas

922 1357 1158 1436 provisa
1190 1363 1253 1412 et
1292 1351 1587 1412 custodita
1623 1351 1922 1420 cernebat,
1947 1368 2020 1408 eo
2047 1347 2235 1406 acrius
2259 1366 2460 1406 curam
2500 1345 2832 1416 intendere,

924 1453 984 1509 in
1010 1467 1211 1508 omnes
1244 1455 1438 1526 partes
1461 1463 1696 1502 versare
1739 1444 2019 1513 animum,
2048 1443 2097 1499 si
2124 1462 2243 1520 quo
2282 1440 2527 1500 consilio
2563 1439 2834 1503 frustrari

924 1544 1177 1602 hostium
1205 1560 1368 1622 spem
1392 1538 1553 1598 haud
1578 1537 1654 1596 de
1680 1535 1863 1596 nihilo
1888 1557 2027 1596 sane
2053 1544 2400 1616 conceptam
2425 1544 2636 1616 posset.
2710 1535 2834 1596 Ce-

925 1649 1111 1698 terum
1158 1655 1410 1717 praesens
1450 1644 1577 1694 tum
1621 1633 1838 1694 malum
1894 1632 2173 1742 angebat,
2221 1651 2506 1712 aquarum
2559 1632 2832 1713 penuria.

927 1735 1263 1794 Exaruerat
1292 1751 1459 1813 paene
1487 1729 1820 1811 proximum
1843 1727 2084 1800 flumen,
2112 1727 2222 1787 uisi
2249 1727 2408 1808 quod
2425 1729 2612 1806 juxta
2635 1729 2834 1810 ipsum

927 1850 1089 1891 mare
1114 1831 1333 1908 exigua
1356 1836 1418 1887 et
1441 1835 1718 1907 corrupta
1741 1825 2023 1884 manabat
2047 1821 2285 1903 aquula.

1012 1933 1112 1986 33.
1158 1921 1402 1994 Consul,
1444 1943 1578 1982 cum
1639 1921 1800 1980 missi
1855 1921 2014 1980 cirea
2053 1919 2383 2000 propinqua
2425 1917 2559 1979 loca
2599 1917 2832 1979 nullam

930 2041 1149 2102 aquam
1174 2021 1421 2079 inveniri
1444 2018 1891 2096 renuntiarent,]
1935 2026 2273 2100 postremo
2321 2019 2512 2101 sequi
2543 2037 2618 2082 se
2647 2023 2830 2082 utra-

637 2125 775 2187 rios
818 2121 905 2187 ad
948 2120 1189 2201 mare,‘
1210 2118 1391 2206 quod
1418 2121 1642 2184 miuus
1673 2127 2003 2184 trecentos
2033 2137 2282 2202 passus
2311 2119 2572 2196 aberat,
2589 2119 2830 2203 jussit,

636 2229 702 2287 et
732 2225 797 2286 in
825 2225 1043 2289 littore
1072 2224 1245 2288 alios
1276 2222 1443 2286 alibi
1474 2219 1760 2286 modicis
1803 2221 2164 2286 intervallis
2209 2221 2460 2285 fodere.
2553 2221 2829 2285 Montes

636 2328 921 2406 ingentis
967 2325 1341 2392 altitudinis
1388 2341 1581 2407 spem
1623 2323 1984 2401 faciebant,
2027 2342 2111 2387 eo
2161 2323 2376 2404 magis
2404 2325 2570 2406 quia
2597 2323 2830 2388 nullos

637 2435 911 2511 apertos
940 2431 1319 2510 even-gerent
1362 2425 1570 2504 rivos,
1603 2425 1909 2511 occultos
1951 2423 2282 2491 continere
2301 2423 2330 2464 ⁸
2357 2425 2625 2503 latices,
2655 2445 2830 2511 quo-

634 2550 780 2595 rum
812 2548 1001 2596 venae
1051 2530 1124 2595 in
1166 2548 1347 2595 mare
1376 2535 1844 2614 permanantes
1879 2528 2078 2594 undae
2131 2528 2622 2594 miscerentur.·
2679 2527 2828 2591 Vix

632 2631 925 2697 deducta
956 2650 1217 2696 summa
1244 2650 1447 2697 arena
1476 2637 1638 2708 erat,
1661 2648 1813 2695 eum
1832 2630 2274 2712 scaturigines
2299 2631 2585 2696 turbidae
2608 2634 2828 2714 primo

634 2740 707 2797 et
762 2739 993 2797 tenues
1052 2735 1367 2809 emicare,
1434 2731 1600 2796 dein
1669 2730 1997 2815 liquidam
2069 2731 2476 2814 multamque
2543 2731 2828 2797 fundere

630 2844 904 2917 aquam,
932 2834 1122 2901 velut
1150 2834 1371 2901 Deum
1396 2834 1604 2910 dono,
1630 2840 1996 2917 coeperuut.
2085 2830 2523 2916 Aliquantum
2547 2852 2630 2897 ea
2651 2852 2828 2920 quo-

632 2955 767 3019 que
794 2954 901 3001 res
931 2936 1083 3002 duci
1113 2937 1309 3003 famae
1340 2945 1409 3004 et
1436 2933 1862 3001 auctoritatis
1879 2934 2059 3019 apud
2077 2935 2331 2999 milites
2355 2934 2618 3018 adjecit.
2661 2935 2828 3000 Jus-

631 3037 730 3101 sis
758 3036 997 3109 deinde
1026 3039 1347 3104 militibus
1382 3038 1702 3123 expedire
1749 3050 1974 3114 arma,·
1997 3036 2150 3121 ipse
2182 3056 2339 3102 cum
2371 3038 2660 3102 tribunis
2691 3036 2826 3121 pri-

630 3140 895 3222 misque
930 3140 1273 3205 ordinibus
1302 3141 1487 3207 vadit
1524 3142 1612 3206 ad
1663 3138 2222 3223 contemplandos
2269 3140 2640 3219 transitus3
2687 3158 2828 3223 qua

631 3240 999 3305 descensus
1030 3242 1249 3309 facilis
1278 3242 1577 3321 armatiS,
1605 3261 1745 3327 qua
1777 3240 1846 3306 in
1890 3238 2275 3306 ulteriorem
2305 3242 2518 3324 ripam
2548 3239 2828 3307 minime

624 3342 899 3424 iniquus
930 3362 1246 3409 ascensus
1274 3350 1476 3410 esset.
1562 3340 1701 3407 His
1731 3342 1898 3407 satis
1923 3342 2320 3426 exploratiS,
2347 3342 2467 3407 illa
2485 3350 2514 3392 ⁹
2545 3362 2824 3426 quoque

628 3444 933 3527 primum,
961 3450 1038 3512 ut
1064 3445 1293 3511 ordine
1322 3464 1407 3511 ac
1436 3445 1581 3509 sine
1613 3442 1899 3508 tumultu
1929 3445 2158 3509 omnia
2194 3446 2265 3510 in
2293 3445 2556 3527 agmine
2583 3444 2670 3507 ad
2701 3462 2824 3509 nu-

690 3760 725 3803 8
752 3754 1001 3804 contineri
1020 3755 1167 3806 malit
1190 3758 1352 3807 Drak.
1375 3764 1431 3809 et
1452 3770 1571 3809 mox
1593 3757 1788 3809 diducta
1805 3770 1986 3805 um
2001 3760 2264 3807 erem—9
2285 3754 2418 3805 Illud
2440 3752 2578 3815 conj.
2601 3754 2824 3818 Rupert.

1619 3918 1832 3969 NOTAE

624 4014 857 4065 AEmilinn
880 4012 1091 4062 Paullus
1140 4014 1305 4077 primo
1344 4015 1397 4064 in
1434 4014 1682 4066 Macedo·
1761 4024 1940 4066 monte
1962 4015 2190 4080 Olympo
2211 4012 2498 4063 levaverit:
2537 4026 2641 4077 qua
2674 4012 2744 4063 de
2769 4028 2826 4066 re

626 4092 759 4141 niam
778 4088 1007 4138 adventu
1028 4095 1229 4151 egerat.
1766 4090 1908 4142 Plut.
1933 4091 1986 4140 in
2009 4092 2125 4155 eju·
2148 4090 2272 4138 vita.
2337 4085 2503 4137 Pom
2537 4088 2724 4137 nti-arii
2747 4089 2825 4137 di·

630 4174 639 4184 '
691 4163 711 4198 f
738 4166 985 4214 Postremo
1006 4162 1200 4227 aequin
1222 4164 1431 4215 utrarios
1450 4161 1682 4229 adme]
1765 4174 1970 4231 cuntur,
2013 4166 2100 4231 qul
2141 4164 2342 4216 utribus
2395 4164 2504 4212 sive
2559 4162 2822 4215 hircorum

625 4240 733 4291 Hie
766 4240 1004 4288 tradebat
1050 4240 1221 4289 Livius
1255 4248 1431 4290 noster
1466 4254 1565 4305 qua
1601 4256 1682 4291 ra·
1766 4240 1982 4306 pellibus
2005 4256 2192 4308 aquam
2212 4240 2435 4292 aliumve
2456 4236 2704 4302 liquorem
2727 4236 2820 4289 de-

626 4317 769 4367 tioue
808 4315 1026 4366 Paullus
1073 4328 1321 4380 uquarum
1370 4316 1594 4382 inopiam
1628 4319 1681 4367 iu
1765 4314 1960 4371 ferunt.
