3177 4950
628 421 804 490 3388
1433 421 1442 428 ’
1565 433 1637 482 τ.
1684 432 1875 480 mvn

628 579 993 655 dexteram,
1051 595 1206 642 cum
1261 575 1442 642 extis
1493 577 1825 659 posterior
1882 573 1973 640 ad
2028 575 2267 650 larvam
2328 575 2461 638 viae
2517 572 2808 656 ponitur.

627 681 810 746 Inter
863 679 1036 744 banc
1087 679 1374 743 divisam
1428 678 1715 742 hostiam
1760 677 1975 760 copiae
2036 683 2309 740 armatae
2361 674 2809 739 traducuntur.

625 780 1072 846 Praeferuntur
1101 781 1318 862 primo
1346 780 1586 860 agmini
1612 797 1797 843 arma
1825 778 2109 860 insignia
2134 777 2427 840 omnium
2456 776 2543 839 ab
2574 775 2809 839 ultima

627 881 874 963 origine
928 880 1347 946 Macedoniae
1393 898 1656 961 regum:
1720 878 1965 942 deinde
2012 895 2134 942 rex
2184 877 2331 960 ipse
2374 895 2529 941 cum
2578 876 2807 941 liberis

623 982 954 1065 sequitur:
998 981 1312 1066 proxima
1339 987 1446 1044 est
1471 982 1659 1062 regia
1684 980 1921 1044 cohors
1964 977 2419 1061 custodesque
2459 979 2803 1060 corporis;

619 1087 1024 1167 postremum
1053 1101 1284 1165 agmen
1337 1080 1793 1148 Macedonum
1848 1085 2078 1145 cetera
2122 1078 2481 1144 multitudo
2534 1078 2805 1144 claudit.

621 1183 868 1248 Latera
895 1184 1070 1266 regis
1111 1181 1248 1247 duo
1273 1181 1400 1246 filii
1437 1184 1725 1266 juvenes
1756 1181 2142 1264 cingebant,
2188 1179 2477 1244 Perseus
2514 1179 2659 1263 jam
2692 1179 2803 1244 tri-

623 1285 945 1348 cesimum
1003 1301 1246 1348 annum
1313 1299 1539 1364 agens,
1600 1281 1990 1348 Demetrius
2040 1280 2495 1365 quinquennio
2554 1282 2807 1360 minor3

619 1385 848 1450 medio
867 1385 1170 1468 juventoe
1200 1384 1444 1447 robore
1488 1382 1629 1461 ille,
1672 1384 1785 1449 hic
1813 1385 2014 1465 flore3
2055 1382 2373 1448 fortunati
2411 1382 2619 1466 patris
2662 1401 2803 1448 ma-

617 1491 774 1550 tura
811 1485 1108 1563 soboles,
1135 1485 1196 1548 si
1225 1503 1412 1548 mens
1443 1503 1613 1548 sana
1652 1483 1913 1550 fuisset.
2000 1482 2161 1548 Mos
2188 1490 2348 1557 erat,
2379 1481 2801 1547 lustrationis

617 1605 810 1653 sacro
839 1591 1136 1670 peracto,
1163 1585 1528 1650 exercitum
1551 1584 1917 1664 decurrere,
1934 1591 2002 1650 et
2016 1584 2275 1650 divisas
2303 1583 2606 1648 bifariam
2630 1583 2801 1648 duas

616 1686 802 1752 acies
845 1705 1233 1752 concurrere
1289 1686 1376 1749 ad
1421 1686 1853 1750 simulacrum
1914 1705 2185 1770 pugnae.
2272 1683 2473 1766 Regii
2514 1684 2801 1767 juvenes

617 1785 822 1852 duces
848 1788 914 1853 ei
959 1788 1218 1854 ludicro
1261 1787 1605 1852 certamini
1636 1785 1799 1850 dati.
1890 1786 2201 1851 Ceterum
2238 1805 2376 1850 non
2424 1787 2643 1868 imago
2674 1785 2801 1852 suit

614 1907 883 1972 pugnae,
917 1889 1062 1966 sed,
1091 1894 1408 1969 tanquam
1454 1887 1540 1950 de
1583 1905 1783 1968 regno
1829 1886 2269 1964 dimicaretur,
2304 1888 2402 1951 ita
2451 1898 2801 1951 concurress

611 1996 786 2066 runt,
811 1988 1154 2070 multaque
1177 1987 1450 2051 vulnera
1479 1986 1764 2050 sudibus
1780 1993 1805 2024 ⁸
1836 1987 2049 2065 sacta3
2071 1995 2098 2024 ⁰
2138 2007 2258 2052 nec
2288 1993 2529 2070 praeter
2554 1985 2797 2051 ferrum

613 2089 980 2171 quicquam
1007 2086 1226 2151 defuit
1252 2087 1336 2152 ad
1378 2087 1639 2170 justam
1680 2089 1839 2154 belli
1882 2090 2204 2172 speciem.
2295 2087 2465 2152 Pars
2508 2107 2611 2165 ea,
2641 2105 2795 2171 quoe

613 2188 742 2253 sub
773 2187 1117 2253 Demetrio
1162 2197 1334 2263 erat,
1365 2188 1558 2269 longe
1606 2190 1913 2272 superior
1936 2188 2083 2254 fuit.
2174 2188 2260 2252 Id
2288 2207 2466 2269 aegre
2500 2189 2797 2272 patiente

609 2287 885 2366 Perseo,
927 2289 1150 2354 laetari
1193 2287 1546 2370 prudentes
1590 2289 1789 2354 amici
1836 2289 2007 2373 ejus,
2053 2307 2341 2372 eamque
2387 2309 2527 2356 rem
2576 2291 2797 2373 ipsam

610 2387 832 2454 dicere
859 2389 1284 2473 praebituram
1313 2407 1586 2455 cansam
1627 2390 2015 2454 criminandi
2035 2390 2323 2475 juvenis.

691 2489 759 2553 ⁴7.
805 2488 1198 2553 Convivium
1251 2508 1336 2553 eo
1380 2487 1492 2553 die
1543 2490 1899 2569 sodalium,
1948 2492 2067 2575 qui
2106 2493 2306 2557 simul
2352 2492 2795 2572 decurrerant,

605 2596 892 2671 uterque
921 2589 1179 2667 habuit,
1209 2608 1362 2655 curn
1406 2596 1690 2656 vocatus
1720 2591 1811 2655 ad
1848 2610 2114 2657 coenam
2145 2593 2233 2657 ab
2260 2593 2606 2659 Demetrio
2634 2592 2794 2661 Per-

609 2705 765 2751 seus
809 2694 1145 2771 negasset.
1237 2689 1445 2753 Festo
1505 2690 1613 2753 die
1670 2692 1976 2755 invitatio
2026 2693 2309 2774 benigna
2367 2699 2437 2758 et
2490 2694 2793 2760 hilaritas

595 2786 928 2870 juvenilis
952 2794 976 2829 ³
1023 2800 1338 2873 utrosque
1387 2791 1458 2855 in
1500 2791 1727 2856 vinum
1778 2792 2007 2855 traxit.
2094 2791 2656 2861 Commemoratio
2696 2796 2791 2861 ibi

603 2890 988 2955 certaminis
1017 2890 1261 2955 ludicri
1289 2898 1354 2957 et
1393 2890 1645 2974 jocosa
1672 2892 1859 2957 dicta
1894 2892 1965 2956 in
2008 2892 2452 2973 adversarios,
2480 2896 2579 2961 ita
2604 2904 2683 2962 nt
2708 2916 2790 2961 ne

606 2990 782 3071 ipsis
831 2991 1103 3074 quidem
1149 2992 1437 3056 ducibus
1481 2994 1942 3072 abstineretur,
1981 2993 2432 3077 jactabantur.
2522 2996 2631 3060 Ad
2668 2996 2790 3061 has

607 3090 1045 3172 excipiendas
1067 3098 1098 3139 4
1143 3110 1350 3155 voces
1377 3092 1768 3175 speculator
1796 3112 1886 3156 ex
1922 3097 2233 3161 convivis
2266 3096 2493 3159 Persei
2522 3098 2789 3175 missus,

604 3208 756 3254 cum
801 3191 1130 3255 incautior
1175 3192 1667 3269 obversaretur,
1727 3204 2059 3277 exceptus
2104 3216 2147 3260 a
2193 3195 2558 3279 juvenibus
2616 3194 2788 3265 sorte

602 3289 889 3355 triclinio
931 3292 1237 3373 egressiS,
1281 3292 1456 3356 male
1500 3292 1848 3358 mulcatur.
1938 3295 2167 3381 Hujus
2215 3298 2311 3361 rei
2346 3298 2609 3379 ignarus
2650 3298 2785 3362 De-

1499 3469 1865 3499 ouomeeeoo

597 3574 1108 3689 ἐῗοὲοᾞὶἷὶ.σιιη
1137 3576 1281 3637 extis,
1311 3577 1560 3640 posterior,
1596 3582 1680 3643 qv.
1714 3578 1879 3629 Gron.
1909 3580 2124 3644 Doujat.
2159 3582 2412 3633 Creu—2
2446 3580 2603 3633 Malit
2628 3582 2681 3634 J.
2724 3582 2785 3631 F.

1594 3770 1641 3821 N
1650 3772 1807 3822 01·AE

593 3861 710 3912 fieri
733 3862 885 3912 solita
919 3861 1164 3912 xanthici
1193 3865 1380 3914 menri·
1401 3864 1488 3913 die
1507 3872 1651 3915 octa·
1732 3883 1853 3920 num
1894 3883 2045 3933 reges
2075 3871 2151 3920 ita
2189 3872 2410 3921 lustrare
2450 3872 2589 3921 soliti
2630 3877 2783 3922 erant

598 3951 682 3997 vo,
703 3936 790 4002 qui
815 3935 1096 3999 respondet
1133 3937 1304 4000 Aprili
1341 3946 1533 4002 nostro,
1572 3946 1651 3989 at·
1731 3944 1937 4003 milites,
1962 3953 2019 3994 ut
2049 3944 2277 3996 discisso
2308 3946 2453 3996 canis
2476 3948 2675 3997 viscera
2708 3948 2785 3996 ul-

594 4025 695 4075 qne
737 4010 858 4061 inde
891 4010 1009 4061 hnic
1051 4013 1252 4062 solenni
1289 4013 1428 4065 festo
1465 4030 1651 4067 nomen
1732 4020 1857 4068 timo
1894 4019 1945 4068 in
1976 4034 2160 4082 campo
2198 4022 2248 4071 in
2274 4034 2424 4085 quern
2459 4021 2777 4072 deduceren-

593 4086 832 4138 fecernnt
855 4085 1074 4139 soona.
1732 4101 1838 4152 tur,
1859 4094 1926 4143 ab
1948 4102 2170 4157 utreque
2190 4103 2339 4157 parte
2361 4094 2750 4158 abjicerentur.'

660 4170 684 4197 ⁸
719 4166 878 4227 Caput
897 4166 1065 4215 media
1089 4165 1247 4230 eoric]
1283 4166 1438 4217 Hunc
1455 4182 1649 4218 rnorem
1792 4174 1819 4199 ⁰
1870 4168 2117 4230 Multoque
2158 4171 2351 4219 mlum
2402 4170 2595 4221 ιυᾶὸιω
2618 4170 2782 4235 scete]

595 4233 842 4293 ductibit
865 4241 932 4293 Q.
971 4241 1119 4291 curt.
1145 4242 1232 4291 lib.
1265 4254 1320 4290 x.
1370 4241 1649 4293 ‘Macedo-
1730 4242 2037 4306 Snspieatur
2060 4243 2223 4293 Gron.
2246 4244 2521 4307 legendnm
2536 4247 2747 4295 redibat.
