3177 4950
1243 424 1388 471 me.
1437 424 1633 487 χιιι.
2364 410 2539 477 3525

409 566 542 619 facit
560 582 657 632 pro
677 565 1080 617 centurionibus.
1147 566 1230 615 84.
1261 564 1335 614 At
1355 566 1446 628 Sp.
1468 566 1765 629 Ligustinus
1799 580 1865 615 ex
1888 570 2062 616 eorum
2084 581 2303 618 numero
2327 569 2541 632 profite-

411 658 515 709 tur,
541 662 596 697 se
619 646 682 695 ad
702 647 960 697 delectum
983 643 1292 694 obedienter
1311 658 1695 709 reaponsurum.
1760 649 1843 696 86.
1862 647 1989 711 Ejus
2012 650 2303 711 exemplum
2319 664 2539 715 sequun-

411 736 500 777 tur
533 729 700 778 ceteri
735 727 1085 777 centuriones.
1149 724 1282 774 'l'n-
1321 732 1542 789 quatuor
1579 727 1812 788 legiones
1850 728 2147 777 scribuntur
2187 730 2434 790 urbanam
2484 738 2540 780 et

411 807 616 857 Licinio
650 822 756 858 cos.
797 806 999 870 petenti
1027 804 1292 856 adduntur
1311 805 1523 869 auxilia,
1549 818 1584 855 a
1604 806 1896 861 Masinissa.
1918 808 2097 858 Poenis
2116 814 2173 858 et
2206 810 2541 860 Cretensibus

409 887 660 949 petenda.
722 890 806 938 86.
839 886 1023 949 Legati
1043 900 1077 934 a
1102 886 1301 936 Perseo
1320 886 1460 935 missi
1469 885 1725 949 jubentur
1747 887 2205 951 Italiaexcedere3
2236 898 2292 939 et
2318 904 2437 953 pars
2454 904 2541 939 ex-

418 967 610 1017 ercitus
632 967 779 1017 Rom.
802 966 1058 1030 trajicitur
1095 967 1148 1015 iu
1185 966 1412 1031 Epirum.
1481 970 1563 1015 87.
1592 970 1673 1017 ³8.
1708 968 2052 1019 Romanorum
2088 969 2243 1033 legati
2276 968 2541 1033 Illyricum

417 1048 823 1110 Graecorumque
859 1046 1101 1096 civitates
1131 1046 1344 1096 adeunt.
1409 1048 1591 1098 89-42.
1634 1046 1801 1096 lidem
1841 1048 2152 1112 conoquium
2185 1048 2309 1097 dant
2348 1050 2543 1099 Perseo

413 1127 612 1189 petenti
633 1142 650 1187 ;
681 1129 765 1175 48.
783 1134 857 1188 et,
881 1139 946 1174 ne
979 1124 1174 1175 bellum
1201 1125 1314 1187 Jam
1337 1124 1573 1189 incipiat,
1596 1126 1663 1175 ad
1688 1126 1823 1191 quod
1846 1128 2016 1176 omnia
2049 1126 2208 1177 babet
2230 1138 2544 1192 praeparata,

415 1214 658 1257 auctores
681 1207 731 1257 ei
755 1212 876 1255 sunt
899 1204 1176 1269 legationis
1193 1212 1348 1255 antea
1369 1206 1582 1257 Romam
1604 1207 1891 1257 mittenda.
1935 1209 2063 1257 Tum
2084 1209 2135 1257 in
2158 1209 2439 1271 Boeotiam,
2456 1210 2547 1259 ubi

417 1286 546 1335 varii
567 1294 686 1335 sunt
708 1293 898 1346 motus,
917 1290 1000 1336 44.
1025 1285 1158 1337 etin
1178 1286 1599 1349 Peloponnesum
1618 1286 2033 1350 proficiscuntur.
2098 1293 2183 1337 46.
2216 1288 2338 1339 Alia
2360 1279 2570 1340 Roma-'

416 1380 600 1416 not-um
629 1366 824 1435 legatio
847 1366 1085 1415 circumit
1109 1366 1301 1415 insulas
1321 1373 1376 1416 et
1400 1365 1641 1416 civitates
1657 1367 1818 1418 Asiae.
1885 1372 1967 1419 46.
2000 1368 2315 1418 Rhodiorum
2336 1371 2547 1421 Boeoto·

421 1460 634 1510 rumque
672 1446 868 1494 animos
903 1442 1100 1495 frustra
1136 1444 1361 1496 solicitat
1393 1446 1637 1497 Perseus.
1704 1450 1787 1498 47.
1822 1446 1889 1498 Q.
1920 1448 2150 1498 Marcius
2174 1458 2230 1498 et
2250 1449 2317 1499 A.
2342 1448 2552 1515 Atilius,

421 1526 634 1575 Romam
669 1527 886 1585 reversi,
907 1527 1050 1575 nulla
1083 1539 1143 1574 re
1179 1526 1346 1589 magis
1370 1527 1675 1589 gloriantur,
1707 1540 1859 1591 quam
1882 1528 2108 1591 decepto
2132 1543 2227 1591 per
2248 1530 2477 1580 inducias
2499 1537 2553 1580 et

411 1620 566 1670 spem
587 1606 732 1669 pacis
758 1618 900 1669 rege.
968 1604 1099 1655 Qum
1123 1618 1260 1653 nova
1281 1604 1542 1668 sapientia
1569 1607 1669 1655 etsi
1692 1606 1939 1670 displicet
1956 1608 2243 1659 senioribus
2262 1610 2497 1665 Petrum,
2520 1624 2553 1659 a

421 1686 620 1749 majore
645 1693 821 1734 tamen
845 1690 1056 1733 senatus
1089 1694 1238 1746 parte
1270 1685 1653 1749 comprobatur,
1672 1695 1728 1735 et
1756 1686 1987 1737 Marcius
2009 1687 2191 1738 iterum
2216 1690 2267 1737 iu
2293 1690 2553 1741 Graeciam

423 1764 672 1824 mittitur,
699 1763 950 1826 simulque
986 1762 1053 1811 A.
1073 1762 1270 1813 Atilius
1300 1764 1365 1812 ad
1393 1764 1744 1827 occupandam
1768 1766 2049 1829 Larissam,
2069 1777 2229 1831 caput
2248 1768 2551 1819 Thessaliae.

423 1848 507 1895 48.
541 1844 726 1906 Legati
746 1844 930 1894 Persei
953 1842 1130 1891 Roma
1153 1856 1254 1891 non
1283 1844 1344 1892 iis
1363 1842 1644 1893 audiuntur
1663 1845 1865 1906 animis,
1890 1847 1977 1909 qui
1998 1853 2087 1896 aut
2110 1848 2283 1896 doceri
2305 1857 2392 1897 aut
2410 1848 2555 1900 flecti

424 1925 640 1989 possint.
703 1924 765 1973 C.
791 1923 1066 1973 Lucretius
1101 1930 1298 1985 prator
1325 1938 1444 1972 cum
1467 1924 1651 1979 classe,
1672 1928 1755 1975 49.
1790 1932 1845 1973 et
1867 1926 1933 1974 P.
1955 1926 2183 1977 Licinius
2208 1929 2387 1977 consul
2414 1930 2557 1991 palu-

425 2006 578 2055 datus
601 2003 668 2053 ab
689 2002 836 2053 Urbe
873 2002 1239 2067 proficiscitur,
1276 2004 1715 2069 prosequentibus
1747 2005 1972 2055 omnium
1994 2006 2231 2056 ordinum
2252 2008 2559 2058 hominibus.

425 2090 511 2135 5⁰.
542 2085 766 2134 Perseus
790 2084 953 2133 Pellae
977 2084 1246 2133 consilium
1267 2084 1423 2133 habet
1443 2100 1460 2145 ;
1483 2088 1566 2134 61.
1587 2092 1644 2134 et
1667 2085 1861 2134 Citium
1886 2086 2062 2151 copias
2082 2101 2257 2137 omnes
2274 2088 2561 2150 contrahit,

432 2176 594 2213 xuu.
626 2164 788 2212 millia
821 2162 1096 2212 bominum.
1159 2163 1358 2225 52.‚Ad
1395 2164 1584 2214 bellum
1622 2166 1922 2214 cohortatur
1962 2166 2165 2223 milites,
2210 2181 2307 2229 per
2351 2182 2555 2216 omnem

427 2244 712 2293 orationem
737 2243 861 2291 natis
878 2242 1140 2307 frequenti
1165 2256 1373 2293 assensu
1395 2244 1797 2294 succlamantes.
1862 2248 1946 2295 68.
1980 2244 2291 2296 Civitatibus
2312 2232 2561 2296 Macedo-⁷

432 2324 556 2384 uim,
576 2322 822 2387 pecunias
844 2330 900 2371 et
931 2320 1248 2373 frumentum
1275 2324 1663 2387 pollicentibus,
1696 2324 1939 2375 vehicula
1966 2331 2163 2374 tantum
2198 2325 2451 2389 imperat3
2484 2336 2559 2387 et,

423 2405 482 2467 ,in
503 2404 818 2453 Thessaliam
854 2402 1143 2467 profectus,
1164 2406 1244 2453 64.
1267 2406 1430 2453 multa
1465 2405 1613 2468 capit
1645 2404 1857 2468 oppida.
1922 2410 2005 2453 66.
2057 2405 2166 2456 Per
2204 2406 2413 2457 eosdem
2447 2406 2560 2455 dies

431 2485 612 2535 consul
639 2485 916 2548 Romanus,
941 2498 1007 2534 ex
1029 2485 1188 2547 Epiro
1213 2483 1266 2532 in
1290 2484 1653 2534 Athamaniam
1681 2493 2047 2549 transgressus,
2072 2487 2338 2550 Gomphos
2362 2496 2414 2537 et
2441 2488 2561 2536 inde

433 2565 690 2614 Larissam
725 2565 977 2626 pervenit,
1011 2577 1111 2612 nec
1147 2565 1300 2627 louge
1336 2579 1367 2614 a
1399 2563 1597 2628 Tripoli
1618 2565 1895 2615 Thessalia
1917 2579 2077 2628 super
2105 2565 2337 2616 Peneum
2363 2581 2563 2620 amnem

435 2645 586 2706 ponit
606 2653 775 2694 castra
797 2659 812 2704 ;
847 2657 948 2708 quo
968 2655 1086 2692 mox
1109 2643 1353 2693 Eumenis
1377 2651 1431 2693 et
1451 2645 1757 2695 Graecorum
1782 2645 1974 2694 auxilia
1996 2647 2329 2696 conveniunt.
2395 2653 2476 2698 66.
2501 2647 2567 2700 Ο.

435 2725 710 2776 Lucretius
729 2731 786 2774 et
809 2723 872 2775 Q.
895 2723 1122 2774 Marcius
1143 2737 1260 2774 cum
1281 2723 1528 2775 clunibus
1545 2724 1845 2776 Chalcidem
1872 2733 2077 2788 petunt,
2098 2734 2155 2776 et
2170 2727 2248 2776 Μ.
2270 2728 2567 2790 Lueretius,

433 2804 596 2854 frater
617 2803 878 2868 pratos-is,
898 2803 1192 2853 Haliartum
1216 2804 1438 2854 Boeotim
1461 2819 1588 2870 opp.
1610 2805 1832 2855 obsidet.
1894 2805 2111 2855 Interea
2128 2806 2371 2862 Perseus,
2388 2808 2475 2872 qui
2496 2808 2567 2856 ad

433 2885 706 2948 Sycurium
729 2883 825 2932 sub
850 2883 1110 2933 radicibus
1135 2884 1284 2933 Ossae
1305 2884 1492 2933 montis
1514 2886 1704 2934 stativa
1734 2885 1909 2942 habet,
1926 2899 2073 2949 agros
2100 2885 2433 2934 Pheraeorum
2459 2900 2567 2933 vas-

439 2972 537 3028 tat,
559 2967 642 3014 5⁷.
667 2969 722 3012 et
743 2963 863 3012 inde
899 2965 965 3012 ad
999 2971 1178 3012 castra
1200 2964 1425 3012 consulis
1449 2961 1600 3012 Rom.
1621 2963 1866 3012 admovet
1894 2963 2092 3027 copias.
2155 2963 2412 3026 Equestre
2438 2979 2569 3027 prae-

439 3045 564 3094 lium
589 3046 788 3094 incerta
810 3042 988 3092 finitur
1011 3043 1245 3100 victoria,
1266 3051 1322 3092 et
1357 3057 1456 3105 per
1493 3043 1692 3107 aliquot
1718 3043 1829 3092 dies
1864 3057 1953 3090 rex
1984 3040 2177 3091 fnnstra
2208 3043 2464 3092 Romanos
2501 3043 2568 3092 ad

438 3134 706 3174 certamen
735 3124 926 3174 elicere
947 3131 1184 3172 conatur.
1251 3127 1336 3172 68.
1370 3123 1599 3172 Tandem
1624 3124 1763 3172 acies
1788 3123 2043 3187 utrimque
2064 3122 2374 3182 instruitur3
2408 3127 2491 3172 69.
2514 3129 2573 3174 et

443 3206 606 3254 victor
629 3204 857 3268 equestri
885 3217 1058 3268 pugna
1081 3203 1325 3264 Perseus,
1349 3213 1562 3253 auctore
1584 3202 1843 3259 Evandro,
1876 3203 2113 3266 receptui
2136 3202 2251 3252 cani
2265 3201 2441 3265 jubet,
2468 3203 2570 3253 vic·

443 3285 575 3334 toria
599 3285 672 3332 uti
695 3285 948 3332 nesciens.
1013 3288 1096 3334 60.
1131 3283 1323 3334 Cousui
1348 3293 1490 3333 trans
1513 3284 1747 3334 Peneum
1773 3280 2022 3333 transfert
2043 3289 2236 3344 castra,
2258 3291 2316 3331 ut
2352 3281 2573 3352 perculsi

443 3365 636 3413 milites
662 3363 854 3412 animos
877 3362 1146 3426 colligant.
1213 3368 1296 3414 61.
1329 3363 1445 3413 Rex
1485 3379 1621 3424 sitos,
1649 3365 1832 3412 letitia
1855 3351 2171 3423 exultantes,
2196 3376 2291 3425 pro
2317 3361 2569 3410 concione

443 3443 628 3492 laudat:
644 3443 906 3506 donetque
927 3443 1136 3492 virtutis
1157 3455 1328 3492 causa.
1393 3447 1477 3494 62.
1502 3443 1852 3492 Suadentibus
1869 3440 2060 3491 deinde
2086 3441 2285 3496 amicis,
2310 3447 2367 3488 ut
2388 3454 2577 3488 secun·

445 3524 514 3571 da
537 3521 741 3572 fortuna
765 3524 816 3571 iu
851 3521 1152 3572 conditione
1192 3523 1420 3572 honesta·
1459 3523 1603 3587 pacis
1638 3529 1834 3585 utatur,
1855 3519 1933 3569 bis
1971 3521 2167 3583 legatos
2204 3519 2271 3568 ad
2308 3520 2581 3569 consulem

446 3603 631 3665 mittit,
652 3601 744 3652 sed
779 3603 1058 3665 superbum
1087 3603 1152 3650 ab
1174 3616 1237 3651 eo
1258 3601 1368 3651 fert
1389 3616 1707 3666 responsum.
1774 3604 1858 3650 68.
1891 3599 2049 3648 Fama
2072 3600 2147 3648 rei
2172 3599 2303 3648 bene
2328 3613 2357 3646 a
2376 3598 2577 3650 Perseo

450 3689 611 3746 gestae
649 3679 811 3732 nudat
845 3683 1137 3731 voluntates
1175 3675 1497 3732 Graecorum.
1565 3679 1839 3731 Lucretius
1872 3686 2045 3728 autem
2076 3685 2268 3741 praetor
2292 3677 2342 3726 in
2368 3679 2579 3728 Boeotia

453 3761 747 3810 Haliartum
773 3761 822 3809 vi
856 3769 1060 3823 captam
1084 3761 1260 3817 diruit,
1291 3769 1344 3809 et
1364 3759 1588 3824 Thebas,
1612 3762 1723 3809 siue
1747 3759 2031 3809 certamine
2056 3767 2319 3821 receptas,
2340 3758 2578 3807 exulibus

451 3841 836 3904 hominibusque
865 3841 1107 3889 Romana
1131 3838 1367 3890 factionis
1393 3840 1568 3891 tradit.
1634 3844 1717 3890 64.
1749 3840 1975 3888 Perseus
1998 3839 2337 3902 nequicquam
2362 3844 2582 3888 conatur

453 3931 628 3969 castra
665 3920 944 3969 incendere
971 3921 1336 3982 Romanorum,
1360 3929 1415 3969 et
1449 3921 1498 3968 hi
1523 3935 1605 3981 ea,
1626 3919 1873 3969 demessis
1896 3919 2037 3967 circa
2060 3918 2345 3981 segetibus,
2367 3933 2433 3965 ex
2463 3917 2579 3966 aliis

455 4001 591 4064 agris
615 4001 666 4048 in
692 4001 815 4048 alios
838 4009 1064 4049 movent.
1125 4004 1206 4048 66.
1241 4001 1306 4049 In
1337 3999 1656 4049 Phalanna-,0
1678 4012 1801 4061 agro
1824 4011 1909 4048 nc.
1946 3995 2351 4046 frumentatores
2373 3997 2584 4059 capiun-

455 4089 562 4140 tur,
583 4090 638 4129 et
663 4080 946 4143 proximum
969 4079 1364 4128 circumsidetur
1387 4080 1699 4143 praesidium.
1733 4079 1917 4128 Multis
1932 4077 2064 4140 jam,
2081 4075 2581 4138 cestrosphendoues

456 4161 677 4208 maxime
715 4159 841 4220 ictu,
872 4159 1155 4208 vulneratis
1188 4160 1365 4208 consul
1404 4160 1594 4208 auxilio
1631 4159 1791 4207 veuit.
1856 4161 1937 4206 66.
1970 4157 2251 4217 Extemplo
2287 4155 2583 4204 conseritur

458 4241 714 4302 praelium,
739 4247 796 4288 et
817 4238 1138 4290 Macedones
1159 4237 1420 4300 fugantur.
1480 4241 1564 4287 67.
1598 4236 1729 4286 lude
1748 4237 1985 4290 Perseus.
2001 4233 2243 4300 prasidio
2266 4234 2390 4284 satis
2412 4233 2582 4285 valido
