3177 4950
626 351 803 418 3652
924 359 931 368 '
1560 365 1630 414 τ.
1683 365 1876 414 uvu

630 511 1027 590 referebant,
1072 527 1449 594 oppugnare
1500 514 1608 574 est
1653 507 1946 585 adortus,
1985 511 2054 572 et
2095 525 2346 572 corona
2387 525 2538 577 eam
2585 525 2840 590 capere

631 619 911 678 conatus
956 619 1111 676 est.⁷
1199 611 1369 676 Cum
1420 611 1566 674 sine
1615 610 2112 676 intermissione
2159 607 2438 674 interdiu
2485 616 2840 691 noctuque

634 716 747 778 alii
794 714 947 778 aliis
990 712 1441 787 succedentes,
1468 731 1628 794 pars
1671 711 1898 776 scalas
1941 711 2176 788 muris,
2202 712 2426 792 iguem
2469 711 2688 793 portis
2731 711 2840 774 in-

630 816 898 892 ferrent,
920 813 1341 878 sustinebant
1365 819 1584 876 tamen
1615 829 1766 876 eam
1799 820 2266 895 tempestatem
2296 821 2844 894 propugnatores

632 916 855 994 urbis3
901 916 1063 998 quia
1106 931 1265 996 spes
1308 917 1475 990 erat,
1504 932 1719 996 neque
1760 913 2022 997 hyemis
2055 914 2192 978 vim
2221 913 2474 978 diutius
2503 915 2645 995 pati
2679 913 2846 978 Μει-

634 1015 921 1080 cedonas
951 1017 1017 1079 in
1044 1019 1279 1097 aperto
1308 1033 1533 1098 posse,
1562 1033 1692 1078 nec
1723 1015 1812 1078 ab
1847 1013 2160 1080 Romano
2190 1013 2370 1078 bello
2401 1021 2658 1078 tantum
2691 1015 2842 1096 regi

634 1115 997 1180 laxamenti
1042 1116 1203 1194 sore,
1230 1121 1309 1181 nt
1346 1121 1585 1200 posset
1619 1116 1886 1182 morari.
1975 1115 2312 1194 Ceterum,
2339 1125 2702 1198 postquam
2729 1114 2842 1178 vi·-

634 1237 799 1282 neas
844 1219 955 1300 agi
1000 1225 1347 1302 turresque
1378 1217 1658 1284 excitari
1697 1219 2026 1295 viderunt,
2069 1217 2256 1282 victa
2293 1217 2664 1300 pertinacia
2705 1223 2842 1282 est.

638 1317 843 1396 Nam,
872 1325 1307 1403 proeterquam
1354 1319 1533 1402 quod
1578 1319 1900 1384 adversus
1935 1319 2070 1384 vim
2105 1337 2308 1402 pares
2337 1337 2467 1383 non
2495 1327 2713 1394 erant,
2743 1337 2842 1382 no

634 1420 951 1486 frumenti
994 1421 1259 1506 quidem
1298 1429 1421 1486 aut
1460 1421 1669 1486 ullius
1697 1421 1968 1487 alterius
1995 1420 2091 1484 rei
2119 1421 2320 1503 copia
2345 1421 2528 1484 intus
2551 1426 2722 1512 erat,
2751 1427 2844 1484 ut

636 1521 705 1586 in
740 1523 1149 1606 necopinata
1194 1521 1569 1588 obsidione.
1657 1521 1898 1605 Itaque
1933 1539 2086 1586 cum
2127 1522 2280 1603 spei
2315 1519 2484 1584 nihil
2511 1519 2599 1584 ad
2627 1521 2840 1584 resis-

637 1625 907 1690 tendum
950 1633 1161 1703 esset,
1213 1624 1294 1689 G.
1342 1624 1682 1691 Carvilius
1729 1622 2118 1708 Spoletinus
2167 1628 2239 1686 et
2287 1621 2368 1687 G.
2409 1620 2736 1687 Afran'us
2790 1642 2845 1687 ει

637 1726 961 1808 praesidio
1005 1725 1321 1792 Romano
1364 1727 1575 1804 missi,
1603 1725 1724 1809 qui
1763 1744 1806 1789 a
1847 1723 2100 1790 Perseo
2129 1731 2456 1808 peterent,
2485 1723 2724 1806 primo,
2755 1731 2848 1788 ut

638 1835 931 1893 armatos
968 1848 1223 1913 suaque
1271 1847 1499 1906 seeum
1542 1827 1834 1894 ferentes
1875 1828 2062 1892 abire
2101 1827 2388 1907 siner-en
2431 1825 2612 1904 dein,
2649 1827 2717 1890 si
2763 1827 2846 1890 id

638 1927 855 1991 minus
883 1929 1329 2011 impetrarent,
1357 1929 1520 1994 vitae
1548 1934 1806 1994 tantum
1834 1927 2309 2010 libertatisque
2339 1927 2534 1991 fidem
2567 1927 2842 2011 accipe-

638 2033 807 2091 rent.
898 2029 1311 2096 Promissum
1356 2030 1428 2095 id
1465 2029 1818 2112 benignius
1857 2034 1964 2094 est
1999 2030 2086 2093 ab
2123 2047 2298 2111 rege,
2330 2047 2536 2110 quam
2575 2031 2848 2110 praesti-

640 2135 801 2192 tum.
902 2129 1107 2192 Exire
1158 2133 1329 2195 enim
1382 2149 1505 2194 sua
1549 2149 1781 2195 secum
1823 2127 2242 2195 efferentibus
2275 2129 2492 2214 jussis
2539 2131 2842 2214 primurn

642 2247 829 2294 arma
878 2229 1173 2295 ademit-⁸
1284 2230 1419 2296 His
1470 2232 1637 2296 urbe
1677 2233 1985 2314 egressis,
2029 2239 2102 2296 et
2143 2229 2530 2314 Illyriorum
2571 2231 2844 2312 cohors,

638 2329 1007 2414 (quingenti
1036 2331 1283 2415 erant,)
1308 2338 1378 2397 et
1406 2329 1848 2396 Uscanenses
1879 2351 1952 2396 se
1978 2333 2346 2415 urbemque
2373 2331 2794 2398 dediderunt.

727 2433 834 2499 19.
862 2431 1041 2518 (24.)
1094 2432 1409 2511 Perseus,
1458 2433 1786 2517 praesidio
1819 2433 2113 2499 Uscanae
2158 2434 2500 2517 imposito,
2541 2435 2845 2501 multitu-

644 2534 867 2599 dinem
910 2554 1169 2599 omnem
1222 2534 1618 2611 deditorum,
1673 2554 1826 2618 quae
1875 2553 2087 2618 prope
2137 2554 2415 2599 numero
2463 2536 2844 2603 exercitum

645 2635 991 2717 aequabat,
1014 2635 1373 2698 Stuberam
1398 2635 1698 2700 abducit.
1737 2634 1846 2698 Ibi
1865 2633 2219 2712 Romanis,
2237 2633 2562 2720 (quatuor
2585 2637 2796 2701 millia
2811 2646 2846 2688 ⁹

646 2744 860 2799 autem
881 2735 1223 2799 hominum
1250 2732 1494 2819 erant,)
1520 2742 1767 2819 praeter
1797 2735 2154 2817 principe8‚
2175 2737 2244 2798 in
2269 2734 2648 2801 custodiam
2669 2736 2844 2801 civi·

646 2838 879 2901 tatium
905 2835 1170 2914 divisiS,
1194 2836 1702 2902 Uscanensibus
1723 2836 2108 2921 Illyriisque
2136 2836 2452 2913 venditis,
2479 2838 2550 2900 in
2583 2836 2844 2902 Penes-

644 2937 803 3001 tiam
826 2938 1189 3001 exercitum
1211 2935 1474 3001 reducit
1496 2936 1583 3000 ad
1603 2936 1966 3001 anneum*
1991 2936 2313 3021 oppidum
2335 2936 2404 2999 in
2427 2942 2846 3021 potestatem

646 3038 1095 3119 redigendum.
1162 3038 1247 3103 Et
1274 3038 1528 3122 alioqui
1560 3042 1932 3120 opportune
1963 3040 2188 3117 situm,
2217 3044 2284 3103 et
2323 3041 2642 3105 transitus
2665 3048 2720 3078 ¹⁰
2761 3061 2848 3107 ea

646 3140 851 3201 estin
895 3138 1285 3217 Labeates,¹¹
1314 3140 1429 3203 ubi
1462 3138 1753 3204 Gentius
1805 3139 2146 3221 regnabat.
2232 3138 2671 3207 Praetereunti
2715 3140 2848 3207 fre—

648 3368 744 3415 -7
780 3366 796 3395 ‘
825 3364 1149 3415 Alterutrum
1185 3371 1257 3416 est
1292 3367 1702 3429 supervacuum!
1729 3368 1786 3418 J.
1809 3368 1871 3419 F.
1897 3368 2049 3417 σωκ.
2095 3368 2184 3433 qni
2219 3382 2342 3417 mox
2375 3368 2654 3433 legendnm
2685 3377 2848 3434 putat

646 3432 938 3481 succedentes
965 3434 1117 3481 scales
1143 3431 1312 3493 ramis,
1340 3445 1455 3494 pars
1476 3431 1656 3493 ignem
1673 3434 1852 3495 asa—8
1881 3434 1898 3461 ‘
1919 3431 2096 3492 Juuoee
2115 3432 2268 3492 jussis
2297 3433 2521 3496 prisma,
2558 3442 2652 3484 aut
2681 3440 2846 3485 tamn

649 3497 765 3558 lege
842 3510 898 3544 ro
928 3496 1149 3557 rur-issam.
1212 3494 1447 3545 Alterum
1489 3496 1573 3545 hie
1611 3497 1856 3547 orationis
1893 3496 2178 3547 membrum
2217 3498 2496 3559 excidisse,
2533 3512 2639 3563 quo
2663 3498 2846 3549 Livius

652 3510 1039 3621 signifiqmerit,
1063 3558 1200 3671 {¹¹⁰⁶
1224 3574 1288 3608 ex
1312 3574 1421 3623 seq.
1446 3574 1564 3622 cap.
1599 3569 1872 3625 appareat,
1903 3560 2162 3611 Romanos
2200 3575 2231 3610 a
2269 3575 2392 3626 rege
2435 3568 2666 3612 retentos
2703 3564 2845 3621 esse.

653 3622 1041 3684 suspicabantur
1111 3636 1218 3671 rev.
1243 3630 1297 3671 et
1318 3622 1498 3673 Drak·’
1530 3624 1734 3687 Καρσί.

714 3689 749 3733 9
772 3685 935 3733 Drak.
959 3700 1091 3735 corr.
1117 3694 1296 3735 censet
1320 3689 1411 3735 duo
1426 3688 1578 3737 ”sillia
1599 3694 1682 3750 (ut
1699 3686 1839 3737 1111.
1863 3686 1940 3736 M.
1955 3702 2022 3736 ex
2046 3688 2391 3738 stim-factum
2413 3688 2514 3754 sit)
2537 3688 2640 3739 etsi
2659 3690 2848 3740 mallet

650 3750 929 3798 utitem—10
962 3748 1255 3813 ‘Apposite
1284 3750 1429 3800 Duk.
1452 3764 1630 3801 vocem
1659 3754 1782 3815 qaod
1823 3758 1946 3801 ante
1977 3756 2212 3803 transita·
2233 3753 2555 3803 inserendam
2583 3754 2847 3819 putabat)

1633 3879 1858 3931 NOTAE

719 3977 735 4006 ²
763 3975 845 4025 Ad
867 3972 1114 4036 Oescus]
1148 3974 1211 4023 In
1232 3974 1608 4039 Stymphalidis
1630 3981 1708 4025 at·
1851 3984 1876 4011 ⁸
1909 3976 1974 4025 Is
1993 3976 2246 4040 homes]
2283 3976 2367 4028 Ad
2389 3978 2572 4029 urbem
2591 3992 2656 4029 ac
2677 3982 2848 4046 regio-

655 4068 753 4113 que
776 4051 1081 4101 Atintauum
1122 4050 1347 4101 confinio
1386 4052 1485 4102 fuit
1518 4052 1710 4103 orene-
1789 4064 1906 4101 nem
1933 4052 2256 4110 Labeatium,
2275 4055 2362 4118 qui
2386 4055 2450 4103 ad
2485 4054 2738 4107 Iaabeatin
2775 4059 2850 4109 la-

654 4140 760 4183 um,
816 4128 1151 4177 Penestarum
1203 4126 1473 4191 oppidum,
1514 4129 1602 4178 cui
1641 4130 1708 4178 ad
1790 4142 1924 4178 eum.
1991 4130 2182 4179 Eorum
2206 4132 2386 4181 urbem
2419 4133 2570 4182 aiunt
2595 4134 2848 4185 Scodra-

656 4208 822 4251 ortum
840 4210 953 4251 erat
976 4200 1324 4252 Drsudacum.
1791 4203 1984 4269 fuisse;
2019 4220 2156 4258 nune
2177 4206 2375 4258 Scirtari
2401 4208 2610 4273 Tur-cis,
2639 4211 2692 4261 ia
2713 4211 2850 4261 Dal·
